=LDR  04846cas a2201177 a 4500
=001  012088343
=003  Uk
=005  20221231144322.0
=006  m\\\\\o\\d\\\\\\\\
=007  cr\mnu||||||||
=008  021209c20029999stkqr\pso\\\\\0\\\a0eng\c
=FMT  \\$a  SE
=010  \\$a  2008233310
=015  \\$aGBB540674$2bnb
=019  c\$a101452137
=022  \\$a1476-4245$l1475-4916$y1475-4916$2j
=035  \\$a(OCoLC)51181966$z(OCoLC)60648603$z(OCoLC)858835121
=037  \\$aISSN_14754916$bPortico$nElsevier
=040  \\$aVPI$beng$cVPI$dDLC$dOCLCQ$dSBH$dOCLCQ$dGUA$dOCLCQ$dOPELS$dBUF$dOPELS$dOCLCF$dCOO$dVT2$dUk
=042  \\$aukblsr
=050  14$aRX1
=082  04$a615.532$223
=130  0\$aHomeopathy (Online)
=210  0\$aHomeopathy$b(Edinb., Online)
=222  \0$aHomeopathy$b(Edinburgh. Online)
=245  10$aHomeopathy$h[electronic resource].
=260  \\$a[Edinburgh] :$bElsevier Science
=264  31$aStuttgart :$bThieme
=310  \\$aQuarterly
=336  \\$atext$2rdacontent
=337  \\$acomputer$2rdamedia
=338  \\$aonline resource$2rdacarrier
=362  0\$aVol. 91, issue 1 (Jan. 2002)-
=538  \\$aMode of access: World Wide Web.
=550  \\$aThe journal of the Faculty of Homeopathy.
=588  \\$aTitle from contents screen (ScienceDirect, viewed Mar. 4, 2008).
=588  \\$aLatest issue consulted: volume 108, issue 4 (November 2019) (Thieme-connect.com, viewed January 16, 2020).
=595  \\$aFORMERLY 2301.34 UP TO VOL. 90, 2001.
=540  \\$aCurrent copyright fee: GBP23.00$c49\0$5Uk
=650  \0$aHomeopathy$vPeriodicals.
=650  \2$aHomeopathy$vPeriodicals.
=650  \7$aHomeopathy.$2fast$0(OCoLC)fst00959590
=655  \7$aPeriodicals.$2fast$0(OCoLC)fst01411641
=655  \0$aElectronic journals.
=710  2\$aFaculty of Homoeopathy (London, England)
=776  08$iPrint version:$tHomeopathy$x1475-4916
=780  00$tBritish homœopathic journal (Online)
=856  \\$31850-9999$uhttp://www.thieme.com/$xBLDSS
=859  \\$aELD$bejournal
=852  41$aBritish Library$bSTI$jELD Digital store$3Volume 104:Issue 1(2015:Jan.)-Volume 106:Issue 4(2017:Oct.)***Previous issues available in print copy
=852  41$aBritish Library$bDSC$j4326.176395$32001 VOL 90 NUMB 1-Volume 98:Issue 4(2009)***See ESTAR for full holdings.***Some issues available for 2010
=945  \\$aHOMEOPATHY -EDINBURGH-.
=959  \\$fHeld but not currently received
=CAT  \\$aCONV$b00$c20040425$lBLL90$h0850
=CAT  \\$aBATCH-CLA$b00$c20151127$lBLL01$h1631
=CAT  \\$aWR15058$c20151230$lBLL01$h1441
=CAT  \\$a5552$b40$c20160122$lBLL01$h1209
=CAT  \\$aBLDSS-3PM$b00$c20160201$lBLL01$h1812
=CAT  \\$aBATCH-UPD$b00$c20160413$lBLL01$h1814
=CAT  \\$a5552$b40$c20170518$lBLL01$h1417
=CAT  \\$a10932$b40$c20170616$lBLL01$h1153
=CAT  \\$aBATCH-UPD$b40$c20171121$lBLL01$h1741
=CAT  \\$aW1711-1005$c20171206$lBLL01$h1814
=CAT  \\$a5552$b40$c20171221$lBLL01$h1341
=CAT  \\$aIPL-CLA$c20171231$lBLL01$h1607
=CAT  \\$aBATCH-UPD$b00$c20181126$lBLL01$h1138
=CAT  \\$aIPL-CLA$c20181231$lBLL01$h1539
=CAT  \\$aBATCH-UPD$b00$c20190314$lBLL01$h1522
=CAT  \\$a5552$b40$c20190322$lBLL01$h0853
=CAT  \\$a8124$b40$c20200116$lBLL01$h1425
=CAT  \\$a8124$b40$c20200116$lBLL01$h1428
=CAT  \\$a8124$b40$c20200116$lBLL01$h1429
=CAT  \\$a8055$b40$c20200828$lBLL01$h1241
=CAT  \\$aBATCH-UPD$b40$c20210510$lBLL01$h1232
=CAT  \\$aIPL-CLA$c20210510$lBLL01$h1315
=CAT  \\$aBATCH-UPD$b00$c20211119$lBLL01$h1528
=CAT  \\$aIPL-CLA$c20211231$lBLL01$h1540
=CAT  \\$aBATCH-UPD$b00$c20221121$lBLL01$h1433
=CAT  \\$aIPL-CLA$c20221231$lBLL01$h1443
=CFI  0\$aCurrent copyright fee: GBP23.00$c49\0$e01-jan-2023$fGBP23.00$g0$hP$5Uk
=CFI  2\$aPrevious copyright fee: GBP16.00$c49\0$e01-jan-2022$fGBP16.00$g0$hP$5Uk
=EST  \\$a1
=FFP  \\$aY$bBLDSS-3PM
=FIN  \\$aY
=LEO  \\$aMP22.0000068541
=LEO  \\$aMP10.0000630445
=LET  \0$aHomeopathy (Electronic)
=LKR  \\$aPAR$b009205204$lBLL01$r776$mHomeopathy (Edinburgh. Online)$nHomeopathy (Edinburgh. Print)
=MNI  \\$a1475-4916
=SID  \\$aZ39$bOCLC
=SRC  \\$aISN01$bbibmp22.200404.2.aa
=SRC  \\$aDSS01$bbibmp10.200404.2.aa
=TCO  \\$aCLA$bCLA$c008
=TOC  \\$aETOC
=UNO  \\$aY
=ACF  \\$aPrevious copyright fee: GBP22.50$c5\1$e01-jan-2013$fGBP22.50$g0$hP$5Uk
=ACF  \\$aPrevious copyright fee: GBP10.00$c49\0$e21-dec-2017$fGBP10.00$g0$hP$5Uk
=ACF  \\$aPrevious copyright fee: GBP11.00$c49\0$e01-jan-2018$fGBP11.00$g0$hP$5Uk
=ACF  \\$aPrevious copyright fee: GBP13.00$c49\0$e01-jan-2019$fGBP13.00$g0$hP$5Uk
=ACF  \\$aPrevious copyright fee: GBP15.00$c49\0$e10-may-2021$fGBP15.00$g0$hP$5Uk
=LAS  \\$aIPL-CLA$b00$c20221231$lBLL01$h1443

