=LDR  05792cas a2201321 a 4500
=001  012431879
=003  Uk
=005  20221231144423.0
=006  m\\\\\o\\d\\\\\\\\
=007  cr\|||||||||||
=008  990729c19789999enkqr\pso\\\\\0\\\a0eng\c
=FMT  \\$a  SE
=010  \\$a  2003252396
=015  \\$aGBB538569$2bnb
=019  c\$a102417885
=022  0\$a1467-6303$y0155-9982
=035  \\$a(OCoLC)41979574
=037  \\$aISSN_02641275$bPortico$nElsevier
=037  3\$aISSN_01559982_21$bPortico$nTaylor & Francis
=040  \\$aOCoLC$beng$cOCoLC$dOCoLC$dWaU$dOCoLC$dCaQMU$dOCoLC$dCaQMUQ$dGGaB$dGU$dOCoLC$dOCLCO$dNBuU$dWaU$dUk
=042  \\$aukblsr
=043  \\$au-at---
=050  14$aHF5616.A8
=082  04$a657.05$223
=130  0\$aAccounting forum (Adelaide, S.A. : Online)
=210  0\$aAccount. forum$b(Oxf., Online)
=222  \0$aAccounting forum$b(Oxford. Online)
=245  10$aAccounting forum$h[electronic resource].
=260  \\$aAdelaide, S. Aust. :$bSchool of Accountancy, S.A. Institute of Technology
=264  21$3-2003:$a[Oxford] :$bBlackwell Pub
=264  21$32004- :$a[Oxford] :$bElsevier Ltd
=264  31$32019-$a[London?] :$bRoutledge
=310  \\$aQuarterly
=336  \\$atext$2rdacontent
=337  \\$acomputer$2rdamedia
=338  \\$aonline resource$2rdacarrier
=362  1\$aBegan in 1978.$zCf. ISSN portal print version record.
=538  \\$aMode of access: World Wide Web.
=550  \\$aPublished on behalf of the University of South Australia.
=588  \\$aDescription based on: Vol. 23, issue 1 (Mar. 1999); title from contents page (publisher's Web site, viewed Sept. 23, 2003).
=588  \\$aLatest issue consulted: volume 43, issue 1 (2019) (Taylor & Francis Online, viewed May 16, 2019).
=540  \\$aCurrent copyright fee: GBP37.00$c2\0$5Uk
=650  \0$aAccounting$zAustralia$vPeriodicals.
=650  \6$aComptabilité$zAustralie$vPériodiques.
=650  \7$aFinances de l'entreprise.$2rasuqam
=651  \7$aAustralie.$2rasuqam
=690  7\$aManagement and Business Studies$2blcoll
=776  0\$tAccounting forum$x0155-9982
=710  2\$aUniversity of South Australia.
=710  2\$aSouth Australian Institute of Technology.$bSchool of Accountancy.
=776  08$iPrint version:$tAccounting forum (Adelaide, S.A.)$x0155-9982
=859  \\$aELD$bejournal
=856  \\$31850-9999$uhttp://www.tandfonline.com/$xBLDSS
=852  41$aBritish Library$bDSC$j0573.594500$3mar-2003 VOL 27 PART 1-Volume 34:Issue 3/4(2010)***See ESTAR for full holdings.
=852  41$aBritish Library$bHMNTS$jELD Digital store$3Volume 39:Issue 1(2015)-***Previous issues available in print copy
=945  \\$aAccounting forum -Adelaide-.
=959  \\$fHeld but not currently received
=979  \\$aBritish Library$bDSC$j0573.594500
=A02  \\$a102417885
=CAT  \\$aCONV$b00$c20040425$lBLL90$h0712
=CAT  \\$aBATCH-CLA$b00$c20130526$lBLL01$h1635
=CAT  \\$aBATCH-CLA$b00$c20140125$lBLL01$h1300
=CAT  \\$aBATCH-CLA$c20140225$lBLL01$h2318
=CAT  \\$aBLDSS-3PM$b00$c20141222$lBLL01$h1712
=CAT  \\$a11316$b40$c20150324$lBLL01$h1120
=CAT  \\$a11316$b40$c20150324$lBLL01$h1141
=CAT  \\$aBATCH-MBS$c20150327$lBLL01$h2147
=CAT  \\$a8411$b40$c20150427$lBLL01$h1414
=CAT  \\$aBATCH-UPD$b40$c20160624$lBLL01$h2210
=CAT  \\$aBATCH-UPD$b40$c20171121$lBLL01$h1742
=CAT  \\$aW1711-1005$c20171206$lBLL01$h1815
=CAT  \\$aIPL-CLA$c20171231$lBLL01$h1622
=CAT  \\$a5552$b40$c20190410$lBLL01$h1534
=CAT  \\$a10983$b40$c20190504$lBLL01$h0859
=CAT  \\$a10806$b40$c20190516$lBLL01$h1328
=CAT  \\$aBATCH-UPD$b40$c20191122$lBLL01$h1859
=CAT  \\$aIPL-CLA$c20191231$lBLL01$h1922
=CAT  \\$a15020$b40$c20200917$lBLL01$h0928
=CAT  \\$a14586$b40$c20200924$lBLL01$h1638
=CAT  \\$aBATCH-UPD$b40$c20201118$lBLL01$h1333
=CAT  \\$aIPL-CLA$c20201231$lBLL01$h1528
=CAT  \\$a6811$b40$c20221014$lBLL01$h1304
=CAT  \\$a5410$b40$c20221111$lBLL01$h1056
=CAT  \\$aBATCH-UPD$b40$c20221121$lBLL01$h1346
=CAT  \\$aIPL-CLA$c20221231$lBLL01$h1444
=CFI  0\$aCurrent copyright fee: GBP37.00$c2\0$e01-jan-2023$fGBP37.00$g0$hP$5Uk
=CFI  2\$aPrevious copyright fee: GBP35.00$c2\0$e01-jan-2021$fGBP35.00$g0$hP$5Uk
=EST  \\$a1
=FFP  \\$aY$bBLDSS-3PM
=FIN  \\$aY
=LEO  \\$aMP10.0000629149
=LEO  \\$aMP22.0000061934
=LET  \0$aAccounting forum (Electronic)
=LKR  \\$aPAR$b009183832$lBLL01$r776$mAccounting forum (Online)$nAccounting forum (Print)
=MNI  \\$a0155-9982
=SRC  \\$aISN01$bbibmp22.200404.2.aa
=SRC  \\$aDSS01$bbibmp10.200404.2.aa
=SRC  \\$aBLL02
=TCO  \\$aNLD$bSTICHTING REPRORECHT$c008
=TCO  \\$aCLA$bCLA$c008
=TOC  \\$aETOC
=ACF  \\$aPrevious copyright fee: GBP19.00$c5\1$e01-jan-2008$fGBP19.00$g0$hP$5Uk
=ACF  \\$aPrevious copyright fee: GBP18.00$c5\1$e24-nov-2004$fGBP18.00$g0$hP$5Uk
=ACF  \\$aCurrent copyright fee: GBP15.00$c10\0$e01-apr-2004$fGBP15.00$g0$hP$5Uk
=ACF  \\$aCurrent copyright fee: GBP13.00$c10\0$e01-apr-2003$fGBP13.00$g0$hP$5Uk
=ACF  \\$aCurrent copyright fee: GBP13.00$c10\6$e01-apr-2002$fGBP13.00$g0$hP$5Uk
=ACF  \\$aPrevious copyright fee: GBP20.00$c5\1$e01-jan-2009$fGBP20.00$g0$hP$5Uk
=ACF  \\$aPrevious copyright fee: GBP21.00$c5\1$e01-jan-2012$fGBP21.00$g0$hP$5Uk
=ACF  \\$aPrevious copyright fee: GBP23.40$c5\1$e01-jan-2018$fGBP23.40$g0$hP$5Uk
=ACF  \\$aPrevious copyright fee: GBP22.50$c5\1$e01-jan-2013$fGBP22.50$g0$hP$5Uk
=ACF  \\$aPrevious copyright fee: GBP32.00$c2\0$e10-apr-2019$fGBP32.00$g0$hP$5Uk
=ACF  \\$aPrevious copyright fee: GBP34.00$c2\0$e01-jan-2020$fGBP34.00$g0$hP$5Uk
=LAS  \\$aIPL-CLA$b00$c20221231$lBLL01$h1444

