=LDR  04373cas a2201069 a 4500
=001  012432055
=003  Uk
=005  20230422114433.0
=006  m\\\\\o\\d\\\\\\\\
=007  cr|mnu||||||||
=008  040410c20019999enkmr\p\o\\\\\0\\\a0eng\\
=FMT  \\$a  SE
=015  \\$aGBB350969$2bnb
=019  c\$a102605070
=022  \\$a1445-2197$y1445-1433
=037  \\$aISSN_14451433$bPortico$nWiley
=040  \\$aUk$beng$cUk$dUk
=042  \\$aukblsr
=082  04$a617.005$222
=130  0\$aANZ journal of surgery (Online)
=222  \0$aANZ journal of surgery$b(Online)
=245  10$aANZ journal of surgery$h[electronic resource].
=246  3\$aAustralian and New Zealand journal of surgery
=260  \\$aOxford :$bBlackwell Science
=310  \\$aMonthly
=336  \\$atext$2rdacontent
=337  \\$acomputer$2rdamedia
=338  \\$aonline resource$2rdacarrier
=362  0\$aVol. 71, no. 1 (Jan. 2001)-
=530  \\$aAlso issued in print.
=516  \\$aPDF format
=538  \\$aMode of access: World Wide Web.
=550  \\$aOfficial Journal of the Royal Australasian College of Surgeons.
=540  \\$aCurrent Copyright Fee: GBP39.00$c35\0$5Uk
=650  \0$aSurgery$vPeriodicals.
=776  18$iPrint version:$tANZ journal of surgery
=780  00$tAustralian and New Zealand journal of surgery$x0004-8682
=859  \\$aELD$bejournal
=856  \\$31850-9999$uhttp://onlinelibrary.wiley.com/$xBLDSS
=852  41$aBritish Library$bHMNTS$jELD Digital store$3Volume 83:Number 1/2(2013)-***Previous issues available in print copy
=852  41$aBritish Library$bDSC$j1566.878000$3Volume 71:Issue 1(2001)-Volume 88:Issue 3(2018)***See ESTAR for full holdings.
=945  \\$aANZ journal of surgery
=959  \\$fHeld but not currently received
=979  \\$aBritish Library$bDSC$j1566.878000
=985  \\$aCONFERENCE ANALYTIC RECORDS EXIST
=A02  \\$a102605070
=CAT  \\$aCONV$b00$c20040425$lBLL90$h0712
=CAT  \\$aWR12_168$c20121206$lBLL01$h1814
=CAT  \\$aWR13.005$c20130323$lBLL01$h1509
=CAT  \\$a8456$b40$c20130524$lBLL01$h1358
=CAT  \\$a8456$b40$c20130524$lBLL01$h1402
=CAT  \\$aWR13.114$c20130717$lBLL01$h1312
=CAT  \\$aBATCH-PORT$c20130829$lBLL01$h1113
=CAT  \\$aBATCH-CLA$b00$c20140125$lBLL01$h1306
=CAT  \\$aWR14_009$c20140204$lBLL01$h2342
=CAT  \\$aBATCH-CLA$c20140225$lBLL01$h2318
=CAT  \\$aBLDSS-3PM$b00$c20141214$lBLL01$h1521
=CAT  \\$aBATCH-UPD$b00$c20150215$lBLL01$h1623
=CAT  \\$aIPL-CLA$c20150228$lBLL01$h2046
=CAT  \\$aBATCH-UPD$b00$c20160519$lBLL01$h1945
=CAT  \\$aW1703-0316$c20170306$lBLL01$h1823
=CAT  \\$aW1703-0316$c20170307$lBLL01$h1647
=CAT  \\$aIPL-CLA$c20170307$lBLL01$h1823
=CAT  \\$aW1711-1005$c20171206$lBLL01$h1815
=CAT  \\$aBATCH-UPD$b00$c20180219$lBLL01$h1744
=CAT  \\$aW1805-0471$c20180520$lBLL01$h1137
=CAT  \\$aBATCH-UPD$b00$c20181121$lBLL01$h1620
=CAT  \\$aIPL-CLA$c20181231$lBLL01$h1539
=CAT  \\$aR1911-0245$c20191127$lBLL01$h0944
=CAT  \\$aR1911-0245$c20191127$lBLL01$h1044
=CAT  \\$aIPL-CLA$c20191231$lBLL01$h1922
=CAT  \\$a5410$b40$c20230422$lBLL01$h1144
=CFI  0\$aCurrent Copyright Fee: GBP39.00$c35\0$e01-jan-2020$fGBP39.00$g0$hP$5Uk
=CFI  2\$aPrevious copyright fee: GBP28.00$c35\0$e01-jan-2019$fGBP28.00$g0$hP$5Uk
=EST  \\$a1
=FFP  \\$aY$bBLDSS-3PM
=FIN  \\$aY
=LEO  \\$aMP10.0000629325
=LKR  \\$aPAR$b009542323$lBLL01$r780$mANZ journal of surgery$nAustralian and New Zealand journal of surgery
=LKR  \\$aPAR$b010461736$lBLL01$r776$mANZ journal of surgery (Online)$nANZ journal of surgery (Print)
=MNI  \\$a1445-1433
=SRC  \\$aDSS01$bbibmp10.200404.2.aa
=TCO  \\$aCLA$bCLA$c008
=TOC  \\$aETOC
=UNO  \\$aY
=ACF  \\$aCurrent copyright fee: GBP13.00$c10\0$e01-apr-2003$fGBP13.00$g0$hP$5Uk
=ACF  \\$aCurrent copyright fee: GBP13.00$c10\3$e01-jan-2002$fGBP13.00$g0$hP$5Uk
=ACF  \\$aPrevious copyright fee: GBP15.00$c10\0$e01-apr-2004$fGBP15.00$g0$hP$5Uk
=ACF  \\$aPrevious Copyright Fee: GBP22.00$c10\0$e01-jan-2006$fGBP22.00$g0$hP$5Uk
=ACF  \\$aPrevious copyright fee: GBP24.00$c10\0$e01-mar-2015$fGBP24.00$g0$hP$5Uk
=ACF  \\$aPrevious copyright fee: GBP24.00$c35\0$e07-mar-2017$fGBP24.00$g0$hP$5Uk
=LAS  \\$a5410$b40$c20230422$lBLL01$h1144

