=LDR  05019cas a2201153 a 4500
=001  012432074
=003  Uk
=005  20211231154142.0
=006  m\\\\\\\\d\\\\\\\\
=007  cr||||||||||||
=008  040410c19819999enkmx\p\o\\\\\0\\\a0eng\\
=FMT  \\$a  SE
=010  \\$a  2002238484
=015  \\$aGBB543528$2bnb
=019  c\$a102192719
=022  \\$a1873-7730$l0143-6228$y0143-6228
=035  \\$a(OCoLC)38524777
=037  \\$aISSN_01436228$bPortico$nElsevier
=040  \\$aOH1$beng$cOH1$dOCoLC$dInU$dOCoLC$dViRCU$dMCM$dU9S$dGU$dOCoLC$dOCLCO$dOCoLC$dUk
=042  \\$aukblsr
=050  \4$aG1$b.A69
=082  04$a910$223
=130  0\$aApplied geography (Sevenoaks, England : Online)
=222  \0$aApplied geography$b(Online)
=245  10$aApplied geography$h[electronic resource].
=264  \1$a[Sevenoaks] :$b[Butterworths]
=264  21$a[Oxford ;$aNew York] :$bPergamon
=264  31$a[Oxford] :$bElsevier Ltd
=310  \\$aMonthly (except Apr. and Nov.),$b2013-
=321  \\$aSix issues yearly,$b2012
=321  \\$aQuarterly,$b-2011
=336  \\$atext$2rdacontent
=337  \\$acomputer$2rdamedia
=338  \\$aonline resource$2rdacarrier
=362  1\$aPrint began with vol. 1, no. 1 (Jan. 1981).
=500  \\$a"Putting the world's human and physical resource problems in a geographical perspective"--Journal information page.
=500  \\$aIndex and table of contents for 1995- also available online.
=588  \\$aDescription based on: Vol. 21, issue 2 (Apr. 2001); title from introductory page, viewed May 14, 2002.
=588  \\$aLatest issue consulted: volume 59 (May 2015) (ScienceDirect, viewed April 9, 2015).
=595  \\$aSEE ALSO SERIAL RECORDS KCS HUM AND BOD.
=540  \\$aCurrent copyright fee: GBP34.30$c5\1$5Uk
=650  \0$aGeography$vPeriodicals.
=650  \0$aHuman geography$vPeriodicals.
=650  \0$aHuman ecology$vPeriodicals.
=776  08$iPrint version:$tApplied geography (Sevenoaks, England)$x0143-6228
=859  \\$aELD$bejournal
=856  \\$31850-9999$uhttp://www.elsevier.com/journals$xBLDSS
=852  41$aBritish Library$bHMNTS$jELD Digital store$3Volume 56(2015:Jan.)-***Previous issues available in print copy
=852  41$aBritish Library$bDSC$j1572.590000$3apr-1999 VOL 19 PART 2-Volume 29:Issue 4(2009)***See ESTAR for full holdings.***Some issues available for 2010
=945  \\$aApplied geography - Sevenoaks-
=959  \\$fHeld but not currently received
=A02  \\$a102192719
=CAT  \\$aCONV$b00$c20040425$lBLL90$h0712
=CAT  \\$aBATCH$b00$c20091216$lBLL01$h0216
=CAT  \\$aCDS08-UPD$b40$c20100926$lBLL01$h1956
=CAT  \\$aWR10_164$c20101215$lBLL01$h1510
=CAT  \\$aWR11_155$c20111021$lBLL01$h1325
=CAT  \\$aWR11_155$c20111114$lBLL01$h1646
=CAT  \\$aBATCH-UPD$b00$c20111123$lBLL01$h1852
=CAT  \\$aIPL-CLA$c20111230$lBLL01$h2013
=CAT  \\$aBATCH-CLA$b00$c20121109$lBLL01$h1734
=CAT  \\$aBATCH-UPD$b00$c20121121$lBLL01$h1655
=CAT  \\$aIPL-CLA$c20121231$lBLL01$h1308
=CAT  \\$aIPL-CLA$c20130102$lBLL01$h1725
=CAT  \\$aWR13.005$c20130323$lBLL01$h1509
=CAT  \\$aBATCH-CLA$b00$c20140125$lBLL01$h1306
=CAT  \\$aBATCH-CLA$c20140225$lBLL01$h2318
=CAT  \\$aBLDSS-3PM$b00$c20141222$lBLL01$h1712
=CAT  \\$a8323$b40$c20150409$lBLL01$h1011
=CAT  \\$a10902$b40$c20150429$lBLL01$h1537
=CAT  \\$aBATCH-UPD$b40$c20160524$lBLL01$h1140
=CAT  \\$aBATCH-UPD$b40$c20171121$lBLL01$h1742
=CAT  \\$aW1711-1005$c20171206$lBLL01$h1815
=CAT  \\$aIPL-CLA$c20171231$lBLL01$h1622
=CAT  \\$aBATCH-UPD$b00$c20190521$lBLL01$h1434
=CAT  \\$aIPL-CLA$c20190630$lBLL01$h1531
=CAT  \\$aBATCH-UPD$b00$c20211119$lBLL01$h1552
=CAT  \\$aIPL-CLA$c20211231$lBLL01$h1541
=CFI  0\$aCurrent copyright fee: GBP34.30$c5\1$e01-jan-2022$fGBP34.30$g0$hP$5Uk
=CFI  2\$aPrevious copyright fee: GBP32.84$c5\1$e01-jul-2019$fGBP32.84$g0$hP$5Uk
=EST  \\$a1
=FFP  \\$aY$bBLDSS-3PM
=FIN  \\$aY
=LEO  \\$aMP10.0000629344
=LKR  \\$aPAR$b010462344$lBLL01$r776$mApplied geography (Online)$nApplied geography (Print)
=MNI  \\$a0143-6228
=SRC  \\$aBLL02
=SRC  \\$aDSS01$bbibmp10.200404.2.aa
=TCO  \\$aCLA$bCLA$c008
=TOC  \\$aETOC
=ACF  \\$aPrevious copyright fee: GBP19.00$c5\5$e01-jan-2008$fGBP19.00$g0$hP$5Uk
=ACF  \\$aPrevious copyright fee: GBP18.00$c5\5$e01-apr-2004$fGBP18.00$g0$hP$5Uk
=ACF  \\$aCurrent copyright fee: GBP20.00$c5\5$e01-jan-2003$fGBP20.00$g0$hP$5Uk
=ACF  \\$aCurrent copyright fee: GBP15.00$c5\5$e01-jul-2002$fGBP15.00$g0$hP$5Uk
=ACF  \\$aPrevious copyright fee: GBP20.00$c5\1$e01-jan-2009$fGBP20.00$g0$hP$5Uk
=ACF  \\$aPrevious copyright fee: GBP21.00$c5\1$e01-jan-2012$fGBP21.00$g0$hP$5Uk
=ACF  \\$aPrevious copyright fee: GBP22.50$c5\1$e01-jan-2013$fGBP22.50$g0$hP$5Uk
=ACF  \\$aPrevious copyright fee: GBP23.40$c5\1$e01-jan-2018$fGBP23.40$g0$hP$5Uk
=LAS  \\$aIPL-CLA$b00$c20211231$lBLL01$h1541

