=LDR  06014cas a2201297 a 4500
=001  012432112
=003  Uk
=005  20211231154142.0
=007  cr||||||||||||
=008  040410c19599999enkmr\p\o\\\\\0\\\a0eng\\
=FMT  \\$a  SE
=010  \\$a  2005233395
=015  \\$aGBB543595$2bnb
=019  c\$a102027795
=022  \\$a1879-1506$l0003-9969$y0003-9969
=035  \\$a(OCoLC)38524872
=037  \\$aISSN_00039969$bPortico$nElsevier
=040  \\$aOH1$beng$cOH1$dOCoLC$dGU$dU9S$dWaSeSS$dOCoLC$dAU@$dOCoLC$dOPELS$dUk
=041  0\$aeng$afre$ager
=042  \\$aukblsr
=050  \4$aRK1
=082  04$a617.6005$222
=130  0\$aArchives of oral biology (Online)
=210  1\$aArch. oral biol.$b(Online)
=222  \0$aArchives of oral biology$b(Online)
=245  10$aArchives of oral biology$h[electronic resource].
=260  \\$a[Oxford] :$bPergamon
=264  31$a[Oxford] :$bElsevier Ltd
=300  \\$billustrations (black and white)
=310  \\$aMonthly,$b<1996>-
=321  \\$aBimonthly,$b1962-
=336  \\$atext$2rdacontent
=337  \\$acomputer$2rdamedia
=338  \\$aonline resource$2rdacarrier
=362  0\$aVol. 1, issue 1 (Aug. 1959)-
=500  \\$aTitle from contents screen (ScienceDirect, viewed Oct. 25, 2005).
=500  \\$aSome issues also have distinctive theme titles.
=500  \\$a"A multidisciplinary journal of oral & craniofacial sciences."
=520  \\$a"The journal is particularly interested in research which advances knowledge in the mechanisms of craniofacial development and disease, including: cell molecular biology, molecular genetics, immunology, pathogenesis, cellular microbiology. embryology, syndromology, forensic dentistry."
=521  8\$a"Oral biologists, physiologists, anatomists, pathologists."
=533  \\$aElectronic reproduction.$b[S.l.] :$cHathiTrust Digital Library,$d2010.$5MiAaHDL
=538  \\$aMaster and use copy. Digital master created according to Benchmark for Faithful Digital Reproductions of Monographs and Serials, Version 1. Digital Library Federation, December 2002.$uhttp://purl.oclc.org/DLF/benchrepro0212$5MiAaHDL
=546  \\$aChiefly in English, some also in French or German.
=583  1\$adigitized$c2010$hHathiTrust Digital Library$lcommitted to preserve$5MiAaHDL$2pda
=588  \\$aLatest issue consulted: volume 60, issue 1 (January 2015) (viewed April 9, 2015).
=595  \\$aSEE ALSO CARD INDEX.
=540  \\$aCurrent copyright fee: GBP34.30$c5\1$5Uk
=650  \0$aMouth$vPeriodicals.
=650  \0$aMouth$xDiseases$vPeriodicals.
=650  \0$aDentistry$vPeriodicals.
=655  \4$aElectronic journals.
=776  08$iPrint version:$tArchives of oral biology$x0003-9969
=859  \\$aELD$bejournal
=856  \\$31850-9999$uhttp://www.elsevier.com/journals$xBLDSS
=852  41$aBritish Library$bHMNTS$jELD Digital store$3Volume 60:Issue 1(2015:Jan.)-***Previous issues available in print copy
=852  41$aBritish Library$bDSC$j1638.475000$3sep-1995 VOL 40 PART 9-Volume 54:Issue 12(2009)***See ESTAR for full holdings.
=945  \\$aARCHIVES OF ORAL BIOLOGY
=959  \\$fHeld but not currently received
=963  \\$aVOL. 1, 1959- *A=1$bN$cP308.B.6
=964  \\$aVOL. 1, 1959- [1982?] *A=1$c61$dO$eJA7227
=985  \\$aCorrected by BSS-generated file for WR# 08/157
=985  \\$aCorrected by MS generated file for WR# 12.018
=A02  \\$a102027795
=CAT  \\$aCONV$b00$c20040425$lBLL90$h0712
=CAT  \\$aCDS08-UPD$b40$c20100926$lBLL01$h1956
=CAT  \\$aWR10_164$c20101215$lBLL01$h1510
=CAT  \\$aWR11_155$c20111021$lBLL01$h1325
=CAT  \\$aWR11_155$c20111114$lBLL01$h1646
=CAT  \\$aBATCH-UPD$b00$c20111123$lBLL01$h1852
=CAT  \\$aIPL-CLA$c20111230$lBLL01$h2013
=CAT  \\$aBLSS-CORR$b00$c20120724$lBLL01$h1759
=CAT  \\$aBATCH-CLA$b00$c20121109$lBLL01$h1734
=CAT  \\$aBATCH-UPD$b00$c20121121$lBLL01$h1655
=CAT  \\$aIPL-CLA$c20121231$lBLL01$h1308
=CAT  \\$aIPL-CLA$c20130102$lBLL01$h1725
=CAT  \\$aWR13.005$c20130323$lBLL01$h1509
=CAT  \\$aBATCH-CLA$b00$c20140125$lBLL01$h1301
=CAT  \\$aBATCH-CLA$c20140225$lBLL01$h2318
=CAT  \\$aBLDSS-3PM$b00$c20141222$lBLL01$h1712
=CAT  \\$a8323$b40$c20150409$lBLL01$h1559
=CAT  \\$a10902$b40$c20150430$lBLL01$h0856
=CAT  \\$aBATCH-UPD$b40$c20160518$lBLL01$h1301
=CAT  \\$aBATCH-UPD$b40$c20171121$lBLL01$h1742
=CAT  \\$aW1711-1005$c20171206$lBLL01$h1815
=CAT  \\$aIPL-CLA$c20171231$lBLL01$h1622
=CAT  \\$aBATCH-UPD$b00$c20190521$lBLL01$h1434
=CAT  \\$aIPL-CLA$c20190630$lBLL01$h1531
=CAT  \\$aBATCH-UPD$b00$c20211119$lBLL01$h1552
=CAT  \\$aIPL-CLA$c20211231$lBLL01$h1541
=CFI  0\$aCurrent copyright fee: GBP34.30$c5\1$e01-jan-2022$fGBP34.30$g0$hP$5Uk
=CFI  2\$aPrevious copyright fee: GBP32.84$c5\1$e01-jul-2019$fGBP32.84$g0$hP$5Uk
=EST  \\$a1
=FFP  \\$aY$bBLDSS-3PM
=FIN  \\$aY
=LEO  \\$aMP10.0000629382
=LET  \0$aArchives of oral biology (Electronic)
=LKR  \\$aPAR$b009542307$lBLL01$nArchives of oral biology (Print)$mArchives of oral biology (Online)$r776
=MNI  \\$a0003-9969
=SRC  \\$aBLL02
=SRC  \\$aDSS01$bbibmp10.200404.2.aa
=TCO  \\$aCLA$bCLA$c008
=TOC  \\$aETOC
=ACF  \\$aPrevious copyright fee: GBP19.00$c5\5$e01-jan-2008$fGBP19.00$g0$hP$5Uk
=ACF  \\$aPrevious copyright fee: GBP18.00$c5\5$e01-apr-2004$fGBP18.00$g0$hP$5Uk
=ACF  \\$aCurrent copyright fee: GBP20.00$c5\5$e01-jan-2003$fGBP20.00$g0$hP$5Uk
=ACF  \\$aCurrent copyright fee: GBP15.00$c5\5$e01-jul-2002$fGBP15.00$g0$hP$5Uk
=ACF  \\$aPrevious copyright fee: GBP20.00$c5\1$e01-jan-2009$fGBP20.00$g0$hP$5Uk
=ACF  \\$aPrevious copyright fee: GBP21.00$c5\1$e01-jan-2012$fGBP21.00$g0$hP$5Uk
=ACF  \\$aPrevious copyright fee: GBP22.50$c5\1$e01-jan-2013$fGBP22.50$g0$hP$5Uk
=ACF  \\$aPrevious copyright fee: GBP23.40$c5\1$e01-jan-2018$fGBP23.40$g0$hP$5Uk
=LAS  \\$aIPL-CLA$b00$c20211231$lBLL01$h1541

