=LDR  04619cas a2201117 a 4500
=001  012432229
=003  Uk
=005  20221007091154.0
=006  m\\\\\o\\d\\\\\\\\
=007  cr||||||||||||
=008  040410c19819999enkmx\p\o\\\\\0\\\a0eng\\
=FMT  \\$a  SE
=015  \\$aGBB350938$2bnb
=019  c\$a102187980
=022  0\$a1768-322X$l0248-4900$y0248-4900
=037  \\$aISSN_02484900_2$bPortico$nWiley
=040  \\$aUk$beng$cUk$dUk
=042  \\$aukblsr
=082  04$a571.6$221
=130  0\$aBiology of the cell (Online)
=210  1\$aBiol. cell$b(Online)
=222  \0$aBiology of the cell$b(Online)
=245  10$aBiology of the cell$h[electronic resource].
=260  \\$aParis :$bElsevier
=310  \\$aNine no. a year
=336  \\$atext$2rdacontent
=337  \\$acomputer$2rdamedia
=338  \\$aonline resource$2rdacarrier
=362  1\$aPrint began with v. 40, no. 1 (1981).
=500  \\$aSome issues also have distinctive theme titles.
=500  \\$aPublished by: [London, England] : Portland Press, <2005->
=516  \\$aPDF format
=530  \\$aAlso issued in print.
=538  \\$aMode of access: World Wide Web.
=595  \\$aFORMERLY 2082.07 UP TO VOL. 39, 1980.
=540  \\$aCurrent copyright fee: GBP39.00$c35\0$5Uk
=650  \0$aCytology$vPeriodicals.
=650  \0$aElectron microscopy$vPeriodicals.
=776  18$iPrint version:$tBiology of the cell$x0248-4900
=859  \\$aELD$bejournal
=856  \\$31850-9999$uhttp://onlinelibrary.wiley.com/$xBLDSS
=852  41$aBritish Library$bSTI$jELD Digital store$3Volume 105:Number 1(2013:Jan.)-***Previous issues available in print copy
=852  41$aBritish Library$bDSC$j2087.045000$3jul-2000 VOL 92 PART 3/4-Volume 96:Part 9(2004)***See ESTAR for full holdings.
=945  \\$aBiology of the cell
=959  \\$fHeld but not currently received
=979  \\$aBritish Library$bDSC$j2087.045000
=A02  \\$a102187980
=CAT  \\$aCONV$b00$c20040425$lBLL90$h0712
=CAT  \\$aBATCH-CLA$b00$c20121109$lBLL01$h1734
=CAT  \\$a10902$b40$c20130316$lBLL01$h1247
=CAT  \\$aWR13.005$c20130323$lBLL01$h1509
=CAT  \\$a8456$b40$c20130524$lBLL01$h1221
=CAT  \\$a8456$b40$c20130524$lBLL01$h1223
=CAT  \\$aWR13.114$c20130717$lBLL01$h1312
=CAT  \\$aBATCH-PORT$c20130829$lBLL01$h1113
=CAT  \\$aBATCH-CLA$b00$c20140125$lBLL01$h1309
=CAT  \\$aWR14_009$c20140204$lBLL01$h2343
=CAT  \\$aBATCH-CLA$c20140225$lBLL01$h2318
=CAT  \\$aBLDSS-3PM$b00$c20141214$lBLL01$h1521
=CAT  \\$aBATCH-UPD$b00$c20150215$lBLL01$h1654
=CAT  \\$aIPL-CLA$c20150228$lBLL01$h2046
=CAT  \\$aBATCH-UPD$b00$c20160519$lBLL01$h1951
=CAT  \\$aW1711-1005$c20171206$lBLL01$h1815
=CAT  \\$aBATCH-UPD$b00$c20180219$lBLL01$h1744
=CAT  \\$aBATCH-UPD$b00$c20181121$lBLL01$h1620
=CAT  \\$aIPL-CLA$c20181231$lBLL01$h1539
=CAT  \\$aR1911-0245$c20191127$lBLL01$h0822
=CAT  \\$aR1911-0245$c20191127$lBLL01$h1045
=CAT  \\$a5410$b40$c20191211$lBLL01$h1128
=CAT  \\$aIPL-CLA$c20191231$lBLL01$h1922
=CAT  \\$aW2111-0842$c20211208$lBLL01$h1942
=CAT  \\$aIPL-CLA$c20211231$lBLL01$h1541
=CAT  \\$a5410$b40$c20221007$lBLL01$h0911
=CFI  0\$aCurrent copyright fee: GBP39.00$c35\0$e01-jan-2022$fGBP39.00$g0$hP$5Uk
=CFI  2\$aPrevious Copyright Fee: GBP32.00$c35\0$e01-jan-2020$fGBP32.00$g0$hP$5Uk
=EST  \\$a1
=FFP  \\$aY$bBLDSS-3PM
=FIN  \\$aY
=LEO  \\$aMP10.0000629499
=LKR  \\$aPAR$b011101540$lBLL01$r776$mBiology of the cell (Online)$nBiology of the cell
=MNI  \\$a0248-4900
=SRC  \\$aDSS01$bbibmp10.200404.2.aa
=TCO  \\$aFRA$bCFC$c008
=TOC  \\$aETOC
=UNO  \\$aY
=ACF  \\$aPrevious Copyright Fee: GBP19.00$c5\6$e03-jun-2008$fGBP19.00$g0$hP$5Uk
=ACF  \\$aPrevious Copyright Fee: GBP30.00$c0$e01-apr-2007$fGBP30.00$g0$hC$5Uk
=ACF  \\$aCurrent copyright fee: GBP25.00$c0$e01-apr-2005$fGBP25.00$g0$hC$5Uk
=ACF  \\$aPrevious copyright fee: GBP18.00$c5\6$e01-apr-2004$fGBP18.00$g0$hP$5Uk
=ACF  \\$aCurrent copyright fee: GBP20.00$c5\6$e01-jan-2003$fGBP20.00$g0$hP$5Uk
=ACF  \\$aCurrent copyright fee: GBP15.00$c5\6$e01-jul-2002$fGBP15.00$g0$hP$5Uk
=ACF  \\$aPrevious copyright fee: GBP20.00$c5\1$e01-jan-2009$fGBP20.00$g0$hP$5Uk
=ACF  \\$aPrevious copyright fee: GBP22.00$c35\0$e01-jan-2012$fGBP22.00$g0$hP$5Uk
=ACF  \\$aPrevious copyright fee: GBP24.00$c35\0$e01-mar-2015$fGBP24.00$g0$hP$5Uk
=ACF  \\$aPrevious copyright fee: GBP28.00$c35\0$e01-jan-2019$fGBP28.00$g0$hP$5Uk
=LAS  \\$a5410$b40$c20221007$lBLL01$h0911

