=LDR  04812cas a2201129 a 4500
=001  012432237
=003  Uk
=005  20221007091259.0
=006  m\\\\\o\\d\\\\\\\\
=007  cr\cnu||||||||
=008  040410c19479999xxuqr\pso\\\\\0\\\a0eng\\
=FMT  \\$a  SE
=019  c\$a102035551
=022  0\$a1541-0420$l0006-341X$y0006-341X$21
=037  \\$aISSN_0006341X$bPortico$nWiley
=040  \\$aUk$cUk$dUk
=042  \\$aukblsr
=082  04$a570.15195$221
=130  0\$aBiometrics (Online)
=222  \0$aBiometrics$b(Online)
=245  10$aBiometrics$h[electronic resource] :$bjournal of the International Biometric Society.
=260  \\$aMalden, Mass. :$bBlackwell Publishers
=310  \\$aQuarterly
=336  \\$atext$2rdacontent
=337  \\$acomputer$2rdamedia
=338  \\$aonline resource$2rdacarrier
=362  1\$aPrint began with vol. 3 (Mar. 1947).
=500  \\$aPublished: Washington, DC : International Biometric Society, <2008->
=530  \\$aAlso issued in print.
=538  \\$aMode of access: World Wide Web.
=550  \\$aIssued 1947- by the Biometrics Section of the American Statistical Association; <1979-> by the Biometric Society; <2008-> by the International Biometric Society.
=595  \\$aFORMERLY 2088.05 UP TO VOL. 2, 1946 ABSORBS 2087.98.
=540  \\$aCurrent copyright fee: GBP39.00$c35\0$5Uk
=650  \0$aBiometry$vPeriodicals.
=710  2\$aAmerican Statistical Association.$bBiometrics Section.
=710  2\$aBiometric Society.
=710  2\$aInternational Biometric Society.
=776  1\$tBiometrics$x0006-341X
=780  00$tBiometrics bulletin (Online)
=859  \\$aELD$bejournal
=856  \\$31850-9999$uhttp://onlinelibrary.wiley.com/$xBLDSS
=852  41$aBritish Library$bHMNTS$jELD Digital store$3Volume 69:Issue 1(2013)-***Previous issues available in print copy
=852  41$aBritish Library$bDSC$j2088.000000$3Volume 55:Issue 1(1999.)-Volume 70:Issue 4(2014)***See ESTAR for full holdings.
=945  \\$aBIOMETRICS -WASHINGTON-.
=959  \\$fHeld but not currently received
=963  \\$aCA/U81 1947- *A=1$bY
=964  \\$aVOL. 1, 1945- *A=1$c574/578$dO$eTN5095
=979  \\$aBritish Library$bDSC$j2088.000000
=985  \\$aCorrected by BSS-generated file for WR# 08/157
=A02  \\$a102035551
=CAT  \\$aCONV$b00$c20040425$lBLL90$h0712
=CAT  \\$a8874$b40$c20130521$lBLL01$h1355
=CAT  \\$aBATCH-CLA$b00$c20140125$lBLL01$h1309
=CAT  \\$aBATCH-CLA$c20140225$lBLL01$h2318
=CAT  \\$a8411$b40$c20140324$lBLL01$h1433
=CAT  \\$a8411$b40$c20140324$lBLL01$h1441
=CAT  \\$a10902$b40$c20140923$lBLL01$h1308
=CAT  \\$aBLDSS-3PM$b00$c20141214$lBLL01$h1521
=CAT  \\$aBATCH-UPD$b00$c20150215$lBLL01$h1623
=CAT  \\$aIPL-CLA$c20150228$lBLL01$h2046
=CAT  \\$aCDS15-UPD$b40$c20150918$lBLL01$h1639
=CAT  \\$aBATCH-UPD$b40$c20160627$lBLL01$h0130
=CAT  \\$aW1703-0316$c20170306$lBLL01$h1823
=CAT  \\$aW1703-0316$c20170307$lBLL01$h1647
=CAT  \\$aIPL-CLA$c20170307$lBLL01$h1823
=CAT  \\$aW1711-1005$c20171206$lBLL01$h1815
=CAT  \\$aBATCH-UPD$b00$c20180219$lBLL01$h1744
=CAT  \\$aBATCH-UPD$b00$c20181121$lBLL01$h1620
=CAT  \\$aIPL-CLA$c20181231$lBLL01$h1539
=CAT  \\$a5410$b40$c20191015$lBLL01$h1352
=CAT  \\$aR1911-0245$c20191127$lBLL01$h0822
=CAT  \\$aR1911-0245$c20191127$lBLL01$h1045
=CAT  \\$aIPL-CLA$c20191231$lBLL01$h1922
=CAT  \\$aW2111-0842$c20211208$lBLL01$h1942
=CAT  \\$aIPL-CLA$c20211231$lBLL01$h1541
=CAT  \\$a5410$b40$c20221007$lBLL01$h0912
=CFI  0\$aCurrent copyright fee: GBP39.00$c35\0$e01-jan-2022$fGBP39.00$g0$hP$5Uk
=CFI  2\$aPrevious Copyright Fee: GBP32.00$c35\0$e01-jan-2020$fGBP32.00$g0$hP$5Uk
=EST  \\$a1
=FFP  \\$aY$bBLDSS-3PM
=FIN  \\$aY
=LEO  \\$aMP10.0000629507
=MNI  \\$a0006-341X
=SRC  \\$aDSS01$bbibmp10.200404.2.aa
=TCO  \\$aCLA$bCLA$c008
=TOC  \\$aETOC
=UNO  \\$aY
=ACF  \\$aPrevious copyright fee: GBP16.00$c10\0$e01-jan-2006$fGBP16.00$g0$hP$5Uk
=ACF  \\$aPrevious copyright fee: GBP15.00$c10\0$e01-apr-2004$fGBP15.00$g0$hP$5Uk
=ACF  \\$aCurrent copyright fee: GBP13.00$c10\0$e01-apr-2003$fGBP13.00$g0$hP$5Uk
=ACF  \\$aCurrent copyright fee: GBP13.00$c10\6$e27-mar-2003$fGBP13.00$g0$hP$5Uk
=ACF  \\$aPrevious copyright fee: GBP17.00$c10\0$e01-jan-2009$fGBP17.00$g0$hP$5Uk
=ACF  \\$aPrevious copyright fee: GBP22.00$c10\0$e01-jan-2011$fGBP22.00$g0$hP$5Uk
=ACF  \\$aPrevious copyright fee: GBP24.00$c10\0$e01-mar-2015$fGBP24.00$g0$hP$5Uk
=ACF  \\$aPrevious copyright fee: GBP24.00$c35\0$e07-mar-2017$fGBP24.00$g0$hP$5Uk
=ACF  \\$aPrevious copyright fee: GBP28.00$c35\0$e01-jan-2019$fGBP28.00$g0$hP$5Uk
=LAS  \\$a5410$b40$c20221007$lBLL01$h0912

