=LDR  04513cas a2201105 a 4500
=001  012432298
=003  Uk
=005  20221222152653.0
=006  m\\\\\o\\d\\\\\\\\
=007  cr\mnu||||||||
=008  040410c19909999xxkqr\p\o\\\\\0\\\a0eng\\
=FMT  \\$a  SE
=015  \\$aGBB349572$2bnb
=019  c\$a102407416
=022  0\$a1467-8551$l1045-3172$y1045-3172$202
=037  \\$aISSN_10453172$bPortico$nWiley
=040  \\$aUk$cUk$dUk
=042  \\$aukblsr
=082  04$a658.00941$220
=130  0\$aBritish journal of management (Online)
=210  0\$aBr. j. manag.$b(Online)
=222  \0$aBritish journal of management$b(Online)
=245  10$aBritish journal of management$h[electronic resource].
=260  \\$aOxford :$bBlackwell Publishers.
=310  \\$aQuarterly
=336  \\$atext$2rdacontent
=337  \\$acomputer$2rdamedia
=338  \\$aonline resource$2rdacarrier
=362  1\$aPrint began with vol. 1, no. 1 (Apr. 1990).
=516  \\$aPDF format
=525  \\$aHas annual supplement.
=530  \\$aAlso issued in print.
=538  \\$aMode of access: World Wide Web.
=550  \\$aOfficial journal of the British Academy of Management.
=540  \\$aCurrent copyright fee: GBP39.00$c35\0$5Uk
=650  \0$aManagement$vPeriodicals.
=690  7\$aManagement and Business Studies$2blcoll
=776  1\$tBritish journal of management (Print)$x1045-3172
=859  \\$aELD$bejournal
=856  \\$31850-9999$uhttp://onlinelibrary.wiley.com/$xBLDSS
=852  41$aBritish Library$bHMNTS$jELD Digital store$3Volume 24:Number 1(2013:Mar.)-***Previous issues available in print copy
=852  41$aBritish Library$bDSC$j2311.180000$3Volume 11:Issue 2(2000)-Volume 29:Issue 1(2018)***See ESTAR for full holdings.
=945  \\$aBritish journal of management
=959  \\$fHeld but not currently received
=979  \\$aBritish Library$bDSC$j2311.180000
=985  \\$aRecord merged by DQ team
=A02  \\$a102407416
=CAT  \\$aCONV$b00$c20040425$lBLL90$h0712
=CAT  \\$a8201$b40$c20130521$lBLL01$h1456
=CAT  \\$aBATCH-MBS$c20130524$lBLL01$h2059
=CAT  \\$aWR13.114$c20130717$lBLL01$h1312
=CAT  \\$aBATCH-PORT$c20130829$lBLL01$h1113
=CAT  \\$aBATCH-CLA$b00$c20140125$lBLL01$h1310
=CAT  \\$aWR14_009$c20140204$lBLL01$h2342
=CAT  \\$aBATCH-CLA$c20140225$lBLL01$h2318
=CAT  \\$aBLDSS-3PM$b00$c20141214$lBLL01$h1521
=CAT  \\$aBATCH-UPD$b00$c20150215$lBLL01$h1623
=CAT  \\$aIPL-CLA$c20150228$lBLL01$h2046
=CAT  \\$aBATCH-UPD$b00$c20160607$lBLL01$h1259
=CAT  \\$aW1703-0316$c20170306$lBLL01$h1823
=CAT  \\$aW1703-0316$c20170307$lBLL01$h1647
=CAT  \\$aIPL-CLA$c20170307$lBLL01$h1823
=CAT  \\$aW1711-1005$c20171206$lBLL01$h1815
=CAT  \\$aBATCH-UPD$b00$c20180219$lBLL01$h1744
=CAT  \\$aW1805-0471$c20180520$lBLL01$h1137
=CAT  \\$aBATCH-UPD$b00$c20181121$lBLL01$h1620
=CAT  \\$aIPL-CLA$c20181231$lBLL01$h1539
=CAT  \\$aR1911-0245$c20191127$lBLL01$h0822
=CAT  \\$aR1911-0245$c20191127$lBLL01$h1045
=CAT  \\$aIPL-CLA$c20191231$lBLL01$h1922
=CAT  \\$aW2111-0842$c20211208$lBLL01$h1942
=CAT  \\$aIPL-CLA$c20211231$lBLL01$h1541
=CAT  \\$a5410$b40$c20221222$lBLL01$h1526
=CFI  0\$aCurrent copyright fee: GBP39.00$c35\0$e01-jan-2022$fGBP39.00$g0$hP$5Uk
=CFI  2\$aPrevious Copyright Fee: GBP32.00$c35\0$e01-jan-2020$fGBP32.00$g0$hP$5Uk
=EST  \\$a1
=FFP  \\$aY$bBLDSS-3PM
=FIN  \\$aY
=LEO  \\$aMP22.0000062107
=LEO  \\$aMP10.0000629568
=LKR  \\$aPAR$b011109798$lBLL01$r776$mBritish journal of management [electronic resource].$nBritish journal of management (Print).
=MNI  \\$a1045-3172
=SRC  \\$aISN01$bbibmp22.200404.2.aa
=SRC  \\$aDSS01$bbibmp10.200404.2.aa
=TCO  \\$aCLA$bCLA$c008
=TOC  \\$aETOC
=UNO  \\$aY
=ACF  \\$aCurrent copyright fee: GBP13.00$c10\0$e01-apr-2003$fGBP13.00$g0$hP$5Uk
=ACF  \\$aCurrent copyright fee: GBP13.00$c10\6$e01-apr-2002$fGBP13.00$g0$hP$5Uk
=ACF  \\$aPrevious copyright fee: GBP15.00$c10\0$e01-apr-2004$fGBP15.00$g0$hP$5Uk
=ACF  \\$aPrevious Copyright Fee: GBP22.00$c10\0$e01-jan-2006$fGBP22.00$g0$hP$5Uk
=ACF  \\$aPrevious copyright fee: GBP24.00$c10\0$e01-mar-2015$fGBP24.00$g0$hP$5Uk
=ACF  \\$aPrevious copyright fee: GBP24.00$c35\0$e07-mar-2017$fGBP24.00$g0$hP$5Uk
=ACF  \\$aPrevious copyright fee: GBP28.00$c35\0$e01-jan-2019$fGBP28.00$g0$hP$5Uk
=LAS  \\$a5410$b40$c20221222$lBLL01$h1526

