=LDR  04833cas a2201165 a 4500
=001  012432325
=003  Uk
=005  20221007093957.0
=006  m\\\\\o\\d\\\\\\\\
=007  cr\cnu||||||||
=008  040410c19509999xxcqr\p\o\\\\\0\\\a0eng\\
=FMT  \\$a  SE
=010  \\$a2002214540
=015  \\$aGBB349600$2bnb
=019  c\$a102046704
=022  0\$a1541-0064$l0008-3658$y0008-3658$21
=035  \\$a(OCoLC)50233267$z(OCoLC)38562832
=037  \\$aISSN_00083658$bPortico$nWiley
=040  \\$aNSD$beng$cNSD$dOCLCQ$dOCL$dNSD$dOCLCQ$dMUQ$dOCLCQ$dKSU$dOCLCQ$dUk
=042  \\$aukblsr
=050  00$aISSN RECORD
=050  14$aG1$b.C28
=082  04$a910$222
=130  0\$aCanadian geographer (Online)
=222  \0$aCanadian geographer$b(Online)
=245  14$aThe Canadian geographer$h[electronic resource] =$bLe géographe canadien.
=246  31$aGéographe canadien
=260  \\$aMalden, Mass. :$bBlackwell Publishers
=310  \\$aFour no. a year
=336  \\$atext$2rdacontent
=337  \\$acomputer$2rdamedia
=338  \\$aonline resource$2rdacarrier
=362  1\$aPrint began with [v.] 1 (1950) [i.e. 1951].
=595  \\$aSEE ALSO SERIAL RECORDS BOD KCS-HUM RCS-CAN AND SCE.
=530  \\$aAlso issued in print.
=538  \\$aMode of access: World Wide Web.
=588  \\$aDescription based on: Vol. 47, no. 1 (2003); title from journal information screen (FirstSearch, viewed Apr. 15, 2004).
=540  \\$aCurrent Copyright Fee: GBP32.00$c35\0$5Uk
=650  \0$aGeography$vPeriodicals.
=776  1\$tCanadian geographer$x0008-3658
=859  \\$aELD$bejournal
=856  \\$31850-9999$uhttp://onlinelibrary.wiley.com/$xBLDSS
=852  41$aBritish Library$bHMNTS$jELD Digital store$3Volume 57:Number 1(2013)-
=852  41$aBritish Library$bDSC$j3025.500000$3Volume 34:Issue 1(1990)-Volume 58:Issue 4(2014)***See ESTAR for full holdings.
=945  \\$aCANADIAN GEOGRAPHER.
=959  \\$fHeld but not currently received
=963  \\$aVOL. 21, 1977- 35, 1991 *A=1$bY$cRCS.PER.598
=979  \\$aBritish Library$bDSC$j3025.500000
=985  \\$aCorrected by BSS-generated file for WR# 08/157
=985  \\$aCorrected by MS generated file for WR# 12.018
=985  \\$aCONFERENCE ANALYTIC RECORDS EXIST
=A02  \\$a102046704
=CAT  \\$aCONV$b00$c20040425$lBLL90$h0712
=CAT  \\$a8201$b40$c20130521$lBLL01$h1645
=CAT  \\$aWR13.114$c20130717$lBLL01$h1312
=CAT  \\$aBATCH-PORT$c20130829$lBLL01$h1114
=CAT  \\$aBATCH-CLA$b00$c20140125$lBLL01$h1258
=CAT  \\$aWR14_009$c20140204$lBLL01$h2342
=CAT  \\$aBATCH-CLA$c20140225$lBLL01$h2318
=CAT  \\$a10934$b40$c20140702$lBLL01$h0923
=CAT  \\$aBLDSS-3PM$b00$c20141214$lBLL01$h1521
=CAT  \\$aBATCH-UPD$b00$c20150215$lBLL01$h1623
=CAT  \\$aIPL-CLA$c20150228$lBLL01$h2046
=CAT  \\$aCDS15-UPD$b40$c20150918$lBLL01$h1639
=CAT  \\$aBATCH-UPD$b40$c20160627$lBLL01$h0137
=CAT  \\$aW1703-0316$c20170306$lBLL01$h1823
=CAT  \\$aW1703-0316$c20170307$lBLL01$h1647
=CAT  \\$aIPL-CLA$c20170307$lBLL01$h1823
=CAT  \\$aW1711-1005$c20171206$lBLL01$h1815
=CAT  \\$aBATCH-UPD$b00$c20180219$lBLL01$h1744
=CAT  \\$aBATCH-UPD$b00$c20181121$lBLL01$h1620
=CAT  \\$aIPL-CLA$c20181231$lBLL01$h1539
=CAT  \\$a5410$b40$c20191017$lBLL01$h1316
=CAT  \\$aR1911-0245$c20191127$lBLL01$h0822
=CAT  \\$aR1911-0245$c20191127$lBLL01$h1045
=CAT  \\$aIPL-CLA$c20191231$lBLL01$h1922
=CAT  \\$a5410$b40$c20221007$lBLL01$h0927
=CAT  \\$a5410$b40$c20221007$lBLL01$h0939
=CFI  0\$aCurrent Copyright Fee: GBP32.00$c35\0$e01-jan-2020$fGBP32.00$g0$hP$5Uk
=CFI  2\$aPrevious copyright fee: GBP28.00$c35\0$e01-jan-2019$fGBP28.00$g0$hP$5Uk
=EST  \\$a1
=FFP  \\$aY$bBLDSS-3PM
=FIN  \\$aY
=LEO  \\$aMP10.0000629595
=LKR  \\$aPAR$b008889435$lBLL01$r776$mCanadian geographer (Online)$nCanadian geographer
=MNI  \\$a0008-3658
=SID  \\$aZ39$bOCLC
=SRC  \\$aDSS01$bbibmp10.200404.2.aa
=TCO  \\$aCAN$bAccess$c008
=TOC  \\$aETOC
=UNO  \\$aY
=ACF  \\$aPrevious copyright fee: GBP16.00$c10\0$e01-jan-2006$fGBP16.00$g0$hP$5Uk
=ACF  \\$aPrevious copyright fee: GBP15.00$c10\0$e01-apr-2004$fGBP15.00$g0$hP$5Uk
=ACF  \\$aCurrent copyright fee: GBP13.00$c10\0$e01-apr-2003$fGBP13.00$g0$hP$5Uk
=ACF  \\$aCurrent copyright fee: GBP13.00$c10\6$e27-mar-2003$fGBP13.00$g0$hP$5Uk
=ACF  \\$aPrevious copyright fee: GBP17.00$c10\0$e01-jan-2009$fGBP17.00$g0$hP$5Uk
=ACF  \\$aPrevious copyright fee: GBP22.00$c10\0$e01-jan-2011$fGBP22.00$g0$hP$5Uk
=ACF  \\$aPrevious copyright fee: GBP24.00$c10\0$e01-mar-2015$fGBP24.00$g0$hP$5Uk
=ACF  \\$aPrevious copyright fee: GBP24.00$c35\0$e07-mar-2017$fGBP24.00$g0$hP$5Uk
=LAS  \\$a5410$b40$c20221007$lBLL01$h0939

