=LDR  05005cas a2201165 a 4500
=001  012432326
=003  Uk
=005  20191231192222.0
=006  m\\\\\o\\d\\\\\\\\
=007  cr\mnu||||||||
=008  040410c19689999xxcqr\p\o\\\\\0\\\a0eng\\
=FMT  \\$a  SE
=010  \\$a2002212897$z2001227203
=015  \\$aGBB349499$2bnb
=019  c\$a102046762
=022  0\$a1540-5982$l0008-4085$y0008-4085$21
=035  \\$a(OCoLC)50061154$z(OCoLC)44409636$z(OCoLC)44674692$z(OCoLC)47075823$z(OCoLC)47958121
=037  \\$aISSN_00084085$bPortico$nWiley
=040  \\$aNSD$beng$cNSD$dOCLCQ$dGUA$dOCLCQ$dWEA$dDLC$dOCLCQ$dGBVCP$dOCLCQ$dUk
=042  \\$aukblsr
=050  14$aHC111
=082  04$a330$222
=130  0\$aCanadian journal of economics (Online)
=210  0\$aCan. j. econ.$b(Online)
=222  \0$aCanadian journal of economics$b(Online)
=245  10$aCanadian journal of economics$h[electronic resource] =$bRevue canadienne d'économique.
=246  3\$aRevue canadienne d'économique
=246  3\$aCJE
=260  \\$aToronto :$bUniversity of Toronto Press,$c1968-
=260  2\$32000- :$aOxford :$bBlackwell Publishers
=260  3\$3<2012-> :$aMalden, MA :$bJohn Wiley & Sons
=310  \\$aQuarterly
=336  \\$atext$2rdacontent
=337  \\$acomputer$2rdamedia
=338  \\$aonline resource$2rdacarrier
=362  1\$aPrint began with vol. 1, no. 1 (Feb. 1968).
=595  \\$aFORMERLY 3031.2 UP TO VOL. 33, 1967.
=500  \\$aTitle from contents screen (JSTOR, viewed June 30, 2005).
=525  \\$aHas occasional supplements.
=550  \\$aPublished on behalf of the Canadian Economics Association.
=588  \\$aLatest issue consulted: Vol. 45, issue 2 (May 2012) (Wiley Online Library, viewed Aug. 1, 2012).
=540  \\$aCurrent Copyright Fee: GBP32.00$c35\0$5Uk
=650  \0$aEconomics$vPeriodicals.
=690  7\$aManagement and Business Studies$2blcoll
=710  2\$aCanadian Economics Association.
=776  08$iPrint version:$tCanadian journal of economics$x0008-4085
=859  \\$aELD$bejournal
=856  \\$31850-9999$uhttp://onlinelibrary.wiley.com/$xBLDSS
=852  41$aBritish Library$bHMNTS$jELD Digital store$3Volume 46:Number 1(2013:Feb.)-***Previous issues available in print copy
=852  41$aBritish Library$bDSC$j3031.158000$3feb-2003 VOL 36 PART 1-Volume 44:Issue 4(2011)***See ESTAR for full holdings.
=945  \\$aCANADIAN JOURNAL OF ECONOMICS.
=959  \\$fHeld but not currently received
=963  \\$aVOL. 1, 1968- 10, 1977 *A=1$bY$cRCS.PER.605
=A02  \\$a102046762
=CAT  \\$aCONV$b00$c20040425$lBLL90$h0712
=CAT  \\$aBATCH-CLA$b00$c20121109$lBLL01$h1734
=CAT  \\$aWR12_168$c20121206$lBLL01$h1836
=CAT  \\$a10902$b40$c20130302$lBLL01$h0910
=CAT  \\$aWR13.005$c20130323$lBLL01$h1509
=CAT  \\$a8201$b40$c20130521$lBLL01$h1222
=CAT  \\$aBATCH-MBS$c20130524$lBLL01$h2059
=CAT  \\$aWR13.114$c20130717$lBLL01$h1312
=CAT  \\$aBATCH-PORT$c20130829$lBLL01$h1113
=CAT  \\$aBATCH-CLA$b00$c20140125$lBLL01$h1311
=CAT  \\$aWR14_009$c20140204$lBLL01$h2342
=CAT  \\$aBATCH-CLA$c20140225$lBLL01$h2318
=CAT  \\$aBLDSS-3PM$b00$c20141214$lBLL01$h1521
=CAT  \\$aBATCH-UPD$b00$c20150215$lBLL01$h1623
=CAT  \\$aIPL-CLA$c20150228$lBLL01$h2046
=CAT  \\$aBATCH-UPD$b00$c20160609$lBLL01$h1141
=CAT  \\$aW1703-0316$c20170306$lBLL01$h1823
=CAT  \\$aW1703-0316$c20170307$lBLL01$h1647
=CAT  \\$aIPL-CLA$c20170307$lBLL01$h1823
=CAT  \\$aW1711-1005$c20171206$lBLL01$h1815
=CAT  \\$aBATCH-UPD$b00$c20180219$lBLL01$h1744
=CAT  \\$aBATCH-UPD$b00$c20181121$lBLL01$h1620
=CAT  \\$aIPL-CLA$c20181231$lBLL01$h1539
=CAT  \\$aR1911-0245$c20191127$lBLL01$h0822
=CAT  \\$aR1911-0245$c20191127$lBLL01$h1045
=CAT  \\$aIPL-CLA$c20191231$lBLL01$h1922
=CFI  0\$aCurrent Copyright Fee: GBP32.00$c35\0$e01-jan-2020$fGBP32.00$g0$hP$5Uk
=CFI  2\$aPrevious copyright fee: GBP28.00$c35\0$e01-jan-2019$fGBP28.00$g0$hP$5Uk
=EST  \\$a1
=FFP  \\$aY$bBLDSS-3PM
=FIN  \\$aY
=LEO  \\$aMP10.0000629596
=LKR  \\$aPAR$b011742275$lBLL01$r776$mCanadian journal of economics (Online)$nThe Canadian journal of economics = Revue canadienne d'économique.
=MNI  \\$a0008-4085
=SID  \\$aZ39$bOCLC
=SRC  \\$aDSS01$bbibmp10.200404.2.aa
=TCO  \\$aCAN$bAccess$c008
=TOC  \\$aETOC
=UNO  \\$aY
=ACF  \\$aCurrent copyright fee: GBP13.00$c10\0$e01-apr-2003$fGBP13.00$g0$hP$5Uk
=ACF  \\$aCurrent copyright fee: GBP13.00$c10\6$e01-apr-2002$fGBP13.00$g0$hP$5Uk
=ACF  \\$aPrevious copyright fee: GBP15.00$c10\0$e01-apr-2004$fGBP15.00$g0$hP$5Uk
=ACF  \\$aPrevious copyright fee: GBP22.00$c10\0$e01-jan-2006$fGBP22.00$g0$hP$5Uk
=ACF  \\$aPrevious copyright fee: GBP24.00$c10\0$e01-mar-2015$fGBP24.00$g0$hP$5Uk
=ACF  \\$aPrevious copyright fee: GBP24.00$c35\0$e07-mar-2017$fGBP24.00$g0$hP$5Uk
=LAS  \\$aIPL-CLA$b00$c20191231$lBLL01$h1922

