=LDR  04326cas a2201081 a 4500
=001  012432415
=003  Uk
=005  20191231192223.0
=006  m\\\\\o\\d\\\\\\\\
=007  cr\cnu||||||||
=008  040410c19859999enkqr\p\o\\\\\0\\\a0eng\\
=FMT  \\$a  SE
=015  \\$aGBB349451$2bnb
=019  c\$a102290202
=022  0\$a1096-0031$l0748-3007$y0748-3007
=037  \\$aISSN_07483007_2$bPortico$nWiley
=040  \\$aUk$beng$cUk$dUk
=042  \\$aukblsr
=082  04$a578.012$222
=130  0\$aCladistics (Online)
=210  0\$aCladistics$b(Online)
=222  \0$aCladistics$b(Online)
=245  10$aCladistics$h[electronic resource] :$bthe international journal of the Willi Hennig Society.
=264  31$aOxford, England :$bBlackwell Publishing Ltd.
=310  \\$aQuarterly
=336  \\$atext$2rdacontent
=337  \\$acomputer$2rdamedia
=338  \\$aonline resource$2rdacarrier
=362  1\$aPrint began with vol. 1, no. 1 (winter 1985).
=500  \\$aTitle from title screen via ESTAR.
=530  \\$aAlso issued in print.
=538  \\$aMode of access: World Wide Web.
=516  \\$aPDF format
=540  \\$aCurrent Copyright Fee: GBP39.00$c35\0$5Uk
=650  \0$aCladistic analysis$vPeriodicals.
=710  2\$aWilli Hennig Society.
=776  1\$tCladistics$x0748-3007
=859  \\$aELD$bejournal
=856  \\$31850-9999$uhttp://onlinelibrary.wiley.com/$xBLDSS
=852  41$aBritish Library$bHMNTS$jELD Digital store$3Volume 29:Number 1(2013:Feb.)-***Previous issues available in print copy
=852  41$aBritish Library$bDSC$j3274.292500$3Volume 18:Part 1(2002)-Volume 27:Issue 6(2011)***See ESTAR for full holdings.
=945  \\$aCLADISTICS.
=959  \\$fHeld but not currently received
=963  \\$aCA/U-2 VOL. 1, 1986- *A=1$bN
=985  \\$aCorrected by BSS-generated file for WR# 08/157
=985  \\$aCorrected by MS generated file for WR# 12.018
=985  \\$aCONFERENCE ANALYTIC &RECORDS EXIST
=A02  \\$a102290202
=CAT  \\$aCONV$b00$c20040425$lBLL90$h0712
=CAT  \\$a6537$b40$c20120621$lBLL01$h1338
=CAT  \\$aBLSS-CORR$b00$c20120724$lBLL01$h1759
=CAT  \\$aBATCH-CLA$b00$c20121109$lBLL01$h1734
=CAT  \\$aWR13.005$c20130323$lBLL01$h1509
=CAT  \\$a8456$b40$c20130521$lBLL01$h1123
=CAT  \\$aWR13.114$c20130717$lBLL01$h1312
=CAT  \\$aBATCH-PORT$c20130829$lBLL01$h1113
=CAT  \\$aBATCH-CLA$b00$c20140125$lBLL01$h1313
=CAT  \\$aWR14_009$c20140204$lBLL01$h2341
=CAT  \\$aBATCH-CLA$c20140225$lBLL01$h2319
=CAT  \\$a10997$b40$c20140716$lBLL01$h0953
=CAT  \\$aBLDSS-3PM$b00$c20141214$lBLL01$h1521
=CAT  \\$aBATCH-UPD$b00$c20150215$lBLL01$h1623
=CAT  \\$aIPL-CLA$c20150228$lBLL01$h2046
=CAT  \\$aBATCH-UPD$b00$c20160607$lBLL01$h1910
=CAT  \\$aW1703-0316$c20170306$lBLL01$h1823
=CAT  \\$aW1703-0316$c20170307$lBLL01$h1647
=CAT  \\$aIPL-CLA$c20170307$lBLL01$h1823
=CAT  \\$aW1711-1005$c20171206$lBLL01$h1815
=CAT  \\$aBATCH-UPD$b00$c20180219$lBLL01$h1744
=CAT  \\$aBATCH-UPD$b00$c20181121$lBLL01$h1620
=CAT  \\$aIPL-CLA$c20181231$lBLL01$h1539
=CAT  \\$aR1911-0245$c20191127$lBLL01$h0945
=CAT  \\$aR1911-0245$c20191127$lBLL01$h1045
=CAT  \\$aIPL-CLA$c20191231$lBLL01$h1922
=CFI  0\$aCurrent Copyright Fee: GBP39.00$c35\0$e01-jan-2020$fGBP39.00$g0$hP$5Uk
=CFI  2\$aPrevious copyright fee: GBP28.00$c35\0$e01-jan-2019$fGBP28.00$g0$hP$5Uk
=EST  \\$a1
=FFP  \\$aY$bBLDSS-3PM
=FIN  \\$aY
=LEO  \\$aMP10.0000629685
=LKR  \\$aPAR$b012395396$lBLL01$r776$mCladistics (Online)$nCladistics
=MNI  \\$a0748-3007
=SRC  \\$aDSS01$bbibmp10.200404.2.aa
=TCO  \\$aCLA$bCLA$c008
=TOC  \\$aETOC
=UNO  \\$aY
=ACF  \\$aCurrent copyright fee: GBP13.00$c10\0$e01-jan-2004$fGBP13.00$g0$hP$5Uk
=ACF  \\$aCurrent copyright fee: GBP20.00$c5\9$e01-jan-2003$fGBP20.00$g0$hP$5Uk
=ACF  \\$aPrevious copyright fee: GBP15.00$c10\0$e01-apr-2004$fGBP15.00$g0$hP$5Uk
=ACF  \\$aPrevious copyright fee: GBP22.00$c10\0$e01-jan-2006$fGBP22.00$g0$hP$5Uk
=ACF  \\$aPrevious copyright fee: GBP24.00$c10\0$e01-mar-2015$fGBP24.00$g0$hP$5Uk
=ACF  \\$aPrevious copyright fee: GBP24.00$c35\0$e07-mar-2017$fGBP24.00$g0$hP$5Uk
=LAS  \\$aIPL-CLA$b00$c20191231$lBLL01$h1922

