=LDR  05124cas a2201213 a 4500
=001  012432616
=003  Uk
=005  20211231154150.0
=006  m\\\\\\\\d\\\\\\\\
=007  cr\|n|||||||||
=008  990428c19979999ne\br\pso\\\\\0\\\a0eng\c
=FMT  \\$a  SE
=010  \\$a2003252825  
=015  \\$aGBB543321$2bnb
=019  c\$a102553642
=022  0\$a1879-0402
=035  \\$a(OCoLC)41264727
=035  \\$a(SFX)954925620166
=037  \\$aISSN_13675931$bPortico$nElsevier
=040  \\$aUk$beng$cUk$dUk
=042  \\$aukblsr
=050  14$aQP550
=082  04$a572.05$223
=130  0\$aCurrent opinion in chemical biology (Online)
=210  00$aCurr opin chem biol
=210  1\$aCurr. opin. chem. biol.$b(Online)
=222  \0$aCurrent opinion in chemical biology$b(Online)
=245  10$aCurrent opinion in chemical biology$h[electronic resource].
=246  30$aChemical biology
=260  \\$a[London] :$bCurrent Biology,$cc1997-
=264  31$a[Amsterdam] :$bElsevier
=310  \\$aBimonthly
=336  \\$atext$2rdacontent
=337  \\$acomputer$2rdamedia
=338  \\$aonline resource$2rdacarrier
=362  0\$aVol. 1, issue 1 (June 1997)-
=500  \\$aPublished: Current Biology, 1997-1998; Elsevier Science, 1999-
=588  \\$aLatest issue consulted: Volume 25 (April 2015) (ScienceDirect, viewed April 2, 2015).
=500  \\$aTitle from article PDF (ScienceDirect, viewed Dec. 15, 2003).
=540  \\$aCurrent copyright fee: GBP34.30$c5\1$5Uk
=650  \0$aBioorganic chemistry$vPeriodicals.
=650  \0$aBiology$vPeriodicals.
=650  \0$aBiochemistry$xPeriodicals.
=650  \0$aClinical biochemistry$xPeriodicals.
=650  \2$aBiochemistry$vPeriodicals.
=650  \6$aChimie bio-organique$xPériodiques.
=650  \6$aBiologie$xPériodiques.
=776  08$iAlso issued in print as:$tCurrent opinion in chemical biology$x1367-5931
=859  \\$aELD$bejournal
=856  \\$31850-9999$uhttp://www.elsevier.com/journals$xBLDSS
=852  41$aBritish Library$bHMNTS$jELD Digital store$3Volume 26(2015)-***Previous issues available in print copy
=852  41$aBritish Library$bDSC$j3500.773520$3jun-1997 VOL 1 PART 1-Volume 13:Issue 5/6(2009)***See ESTAR for full holdings.***Some issues available for 2010
=945  \\$aCurrent opinion in chemical biology
=959  \\$fHeld but not currently received
=985  \\$aCorrected by MS generated file for WR# 12.018
=CAT  \\$aCONV$b00$c20040425$lBLL90$h0712
=CAT  \\$aBATCH-UPD$b00$c20111123$lBLL01$h1852
=CAT  \\$aIPL-CLA$c20111230$lBLL01$h2013
=CAT  \\$aBLSS-CORR$b00$c20120724$lBLL01$h1759
=CAT  \\$aBATCH-CLA$b00$c20121109$lBLL01$h1734
=CAT  \\$aBATCH-UPD$b00$c20121121$lBLL01$h1655
=CAT  \\$aWR12_168$c20121206$lBLL01$h1814
=CAT  \\$aIPL-CLA$c20121231$lBLL01$h1309
=CAT  \\$aIPL-CLA$c20130102$lBLL01$h1726
=CAT  \\$aBATCH-CLA$b00$c20140125$lBLL01$h1302
=CAT  \\$aBATCH-CLA$c20140225$lBLL01$h2319
=CAT  \\$aBLDSS-3PM$b00$c20141222$lBLL01$h1712
=CAT  \\$a5110$b40$c20150402$lBLL01$h1445
=CAT  \\$a5110$b40$c20150402$lBLL01$h1448
=CAT  \\$a5110$b40$c20150417$lBLL01$h1545
=CAT  \\$a8411$b40$c20150424$lBLL01$h1118
=CAT  \\$aBLDSS-3PM$b00$c20150522$lBLL01$h1543
=CAT  \\$aBATCH-UPD$b00$c20160525$lBLL01$h1316
=CAT  \\$aBATCH-UPD$b00$c20171121$lBLL01$h1742
=CAT  \\$aW1711-1005$c20171206$lBLL01$h1815
=CAT  \\$aIPL-CLA$c20171231$lBLL01$h1623
=CAT  \\$a5552$b40$c20190322$lBLL01$h0837
=CAT  \\$aBATCH-UPD$b40$c20190521$lBLL01$h1434
=CAT  \\$aIPL-CLA$c20190630$lBLL01$h1531
=CAT  \\$aBATCH-UPD$b00$c20211119$lBLL01$h1552
=CAT  \\$aIPL-CLA$c20211231$lBLL01$h1541
=CFI  0\$aCurrent copyright fee: GBP34.30$c5\1$e01-jan-2022$fGBP34.30$g0$hP$5Uk
=CFI  2\$aPrevious copyright fee: GBP32.84$c5\1$e01-jul-2019$fGBP32.84$g0$hP$5Uk
=EST  \\$a1
=FFP  \\$aY$b4BLDSS-3PM
=FFP  \\$aY$bBLDSS-3PM
=FIN  \\$aY
=LEO  \\$aMP10.0000629886
=LET  \0$aCurrent opinion in chemical biology (Electronic)
=LKR  \\$aPAR$b009733872$lBLL01$nCurrent opinion in chemical biology (Print)$mCurrent opinion in chemical biology (Online)$r776
=MNI  \\$a1367-5931
=SID  \\$aZ39$bOXFORD$c(OCoLC)41264727
=SRC  \\$aDSS01$bbibmp10.200404.2.aa
=TCO  \\$aCLA$bCLA$c008
=TOC  \\$aETOC
=ACF  \\$aPrevious copyright fee: GBP19.00$c5\1$e01-jan-2008$fGBP19.00$g0$hP$5Uk
=ACF  \\$aPrevious copyright fee: GBP18.00$c5\1$e01-apr-2004$fGBP18.00$g0$hP$5Uk
=ACF  \\$aCurrent copyright fee: GBP20.00$c5\1$e01-jan-2003$fGBP20.00$g0$hP$5Uk
=ACF  \\$aCurrent copyright fee: GBP15.00$c5\1$e01-jul-2002$fGBP15.00$g0$hP$5Uk
=ACF  \\$aPrevious copyright fee: GBP20.00$c5\1$e01-jan-2009$fGBP20.00$g0$hP$5Uk
=ACF  \\$aPrevious copyright fee: GBP21.00$c5\1$e01-jan-2012$fGBP21.00$g0$hP$5Uk
=ACF  \\$aPrevious copyright fee: GBP22.50$c5\1$e01-jan-2013$fGBP22.50$g0$hP$5Uk
=ACF  \\$aPrevious copyright fee: GBP23.40$c5\1$e01-jan-2018$fGBP23.40$g0$hP$5Uk
=LAS  \\$aIPL-CLA$b00$c20211231$lBLL01$h1541

