=LDR  04744cas a2201117 a 4500
=001  012432651
=003  Uk
=005  20210530110924.0
=006  m\\\\\o\\d\\\\\\\\
=007  cr\cnu||||||||
=008  040410c20039999xxufr\p\o\\\\\0\\\a0eng\\
=FMT  \\$a  SE
=010  \\$a2002214314
=015  \\$aGBB348984$2bnb
=019  c\$a103015919
=022  0\$a1540-4609$l1540-4595$y1540-4595$21
=035  \\$a(OCoLC)50000121
=037  \\$aISSN_15404595$bPortico$nWiley
=040  \\$aNSD$beng$cNSD$dOCLCQ$dTXA$dOCLCQ$dNSD$dOCL$dUQ1$dOCLCQ$dOCLCO$dUk
=042  \\$aukblsr
=050  14$aHD30.23$b.D423
=082  04$a658.00711$222
=130  0\$aDecision sciences journal of innovative education (Online)
=222  \0$aDecision sciences journal of innovative education$b(Online)
=245  10$aDecision sciences journal of innovative education$h[electronic resource].
=246  1\$iAlso known as:$aDSJIE
=246  30$aJournal of innovative education
=260  \\$aMalden, Mass. :$bBlackwell Pub.,$c[2003]-
=310  \\$aSemiannual
=336  \\$atext$2rdacontent
=337  \\$acomputer$2rdamedia
=338  \\$aonline resource$2rdacarrier
=362  0\$aVol. 1, issue 1 (Feb. 2003)-
=516  \\$aPDF format
=500  \\$aTitle from issue table of contents (Blackwell-Synergy website, viewed Jan. 21, 2004).
=515  \\$aIssues for Feb. 2003- called also v. 1, no. 1 (spring 2003)- on PDf files of articles.
=538  \\$aMode of access: World Wide Web.
=550  \\$aPublished on behalf of the Decision Sciences Institute.
=588  \\$aLatest issue consulted: Vol. 2, issue 1 (Mar. 2004).
=540  \\$aCurrent Copyright Fee: GBP32.00$c35\0$5Uk
=650  \0$aBusiness education$vPeriodicals.
=690  7\$aManagement and Business Studies$2blcoll
=710  2\$aDecision Sciences Institute.
=776  08$iPrint version:$tDecision sciences journal of innovative education$x1540-4595
=859  \\$aELD$bejournal
=856  \\$31850-9999$uhttp://onlinelibrary.wiley.com/$xBLDSS
=852  41$aBritish Library$bHMNTS$jELD Digital store$3Volume 11:Number 1(2013:Jan.)-
=852  41$aBritish Library$bDSC$j3537.150500$3Volume 1:Issue 1(2003)-Volume 12:Issue 4(2014)***See ESTAR for full holdings.
=945  \\$aDecision sciences journal of innovative education
=959  \\$fHeld but not currently received
=A02  \\$a103015919
=CAT  \\$aCONV$b00$c20040425$lBLL90$h0712
=CAT  \\$a8201$b40$c20130517$lBLL01$h1440
=CAT  \\$aBATCH-MBS$c20130524$lBLL01$h2059
=CAT  \\$aWR13.114$c20130717$lBLL01$h1312
=CAT  \\$aBATCH-PORT$c20130829$lBLL01$h1113
=CAT  \\$aBATCH-CLA$b00$c20140125$lBLL01$h1250
=CAT  \\$aWR14_009$c20140204$lBLL01$h2342
=CAT  \\$aBATCH-CLA$c20140225$lBLL01$h2319
=CAT  \\$aBLDSS-3PM$b00$c20141214$lBLL01$h1521
=CAT  \\$aBATCH-UPD$b00$c20150215$lBLL01$h1623
=CAT  \\$aIPL-CLA$c20150228$lBLL01$h2046
=CAT  \\$aCDS15-UPD$b40$c20150918$lBLL01$h1639
=CAT  \\$aBATCH-UPD$b40$c20160627$lBLL01$h0005
=CAT  \\$aW1703-0316$c20170306$lBLL01$h1823
=CAT  \\$aW1703-0316$c20170307$lBLL01$h1647
=CAT  \\$aIPL-CLA$c20170307$lBLL01$h1823
=CAT  \\$aW1711-1005$c20171206$lBLL01$h1815
=CAT  \\$aBATCH-UPD$b00$c20180219$lBLL01$h1744
=CAT  \\$aBATCH-UPD$b00$c20181121$lBLL01$h1620
=CAT  \\$aIPL-CLA$c20181231$lBLL01$h1539
=CAT  \\$a5410$b40$c20191105$lBLL01$h1246
=CAT  \\$aR1911-0245$c20191127$lBLL01$h0822
=CAT  \\$aR1911-0245$c20191127$lBLL01$h1045
=CAT  \\$aIPL-CLA$c20191231$lBLL01$h1922
=CAT  \\$a12654$b40$c20210514$lBLL01$h1338
=CAT  \\$a5410$b40$c20210530$lBLL01$h1109
=CFI  0\$aCurrent Copyright Fee: GBP32.00$c35\0$e01-jan-2020$fGBP32.00$g0$hP$5Uk
=CFI  2\$aPrevious copyright fee: GBP28.00$c35\0$e01-jan-2019$fGBP28.00$g0$hP$5Uk
=EST  \\$a1
=FFP  \\$aY$bBLDSS-3PM
=FIN  \\$aY
=LEO  \\$aMP10.0000629921
=LKR  \\$aPAR$b007163903$lBLL01$nDecision sciences journal of innovative education [electronic resource].$mDecision sciences journal of innovative education (Print).$r776
=MNI  \\$a1540-4595
=SID  \\$aZ39$bOCLC
=SRC  \\$aDSS01$bbibmp10.200404.2.aa
=TCO  \\$aTRS$bCCC$c008
=TOC  \\$aETOC
=UNO  \\$aY
=ACF  \\$aPrevious Copyright Fee: GBP13.00$c10\0$e29-may-2003$fGBP13.00$g0$hP$5Uk
=ACF  \\$aPrevious Copyright Fee: GBP15.00$c10\0$e01-apr-2004$fGBP15.00$g0$hP$5Uk
=ACF  \\$aPrevious copyright fee: GBP22.00$c10\0$e01-jan-2006$fGBP22.00$g0$hP$5Uk
=ACF  \\$aPrevious copyright fee: GBP24.00$c10\0$e01-mar-2015$fGBP24.00$g0$hP$5Uk
=ACF  \\$aPrevious copyright fee: GBP24.00$c35\0$e07-mar-2017$fGBP24.00$g0$hP$5Uk
=LAS  \\$a5410$b40$c20210530$lBLL01$h1109

