=LDR  05397cas a2201225 a 4500
=001  012432658
=003  Uk
=005  20160617090744.0
=006  m\\\\\o\\d\\\\\\\\
=007  cr\mnu||||||||
=008  040410c19959999paumr\p\o\\\\\0\\\a0eng\\
=FMT  \\$a  SE
=010  \\$asn 99003677$z2001242068
=015  \\$aGBB348864$2bnb
=019  c\$a102509669
=022  0\$a1524-4725$l1076-0512$y1076-0512$21
=035  \\$a(OCoLC)38871404$z(OCoLC)46674091$z(OCoLC)225098275$z(OCoLC)315911287$z(OCoLC)640903806$z(OCoLC)652432850$z(OCoLC)740957526
=037  \\$aISSN_10760512_2$bPortico$nWiley
=037  \\$aISSN_10760512_74$bPortico$nLippincott Williams & Wilkins
=040  \\$aOH1$beng$cOH1$dNSD$dOCL$dOCLCQ$dUQ1$dOCLCQ$dAU@$dW2U$dCSU$dOCLCQ$dOCLCO$dUk
=042  \\$aukblsr
=050  \4$aRD520$b.D47
=060  00$aW1$bJO619G
=082  04$a617.477$222
=130  0\$aDermatologic surgery (Online)
=210  0\$aDermatol. surg.$b(Online)
=222  \0$aDermatologic surgery$b(Online)
=245  10$aDermatologic surgery$h[electronic resource].
=260  \\$aNew York, NY :$bElsevier Science Pub. Co.,$c1995-
=264  21$a[Hoboken] :$bWiley Periodicals, Inc.
=264  31$a[Philadelphia, PA] :$bLippincott, Williams & Wilkins
=310  \\$aMonthly
=336  \\$atext$2rdacontent
=337  \\$acomputer$2rdamedia
=338  \\$aonline resource$2rdacarrier
=362  1\$aPrint began with vol. 21, no. 1 (Jan. 1995).
=595  \\$aFormerly 4968.765 up to Vol. 20, 1994.
=550  \\$aOfficial journal of the American Society for Dermatologic Surgery ... [et al.].
=580  \\$aIncludes issues of earlier title: Journal of dermatologic surgery and oncology.
=588  \\$aDescription based on: Vol. 22, issue 11 (Nov. 1996); title from general information screen (viewed Mar. 25, 1998).
=588  \\$aLatest issue consulted: volume 41, issue 7 (July 2015) (Wolters Kluwer, viewed July 2, 2015).
=540  \\$aCurrent copyright fee: GBP32.00$c20\0$5Uk
=650  \0$aSkin$xSurgery$vPeriodicals.
=650  \0$aSkin$xDiseases$xSurgery$vPeriodicals.
=710  2\$aAmerican Society for Dermatologic Surgery.
=776  08$iAlso issued in print as:$tDermatologic surgery$x1076-0512
=780  10$tJournal of dermatologic surgery and oncology (Online)
=859  \\$aELD$bejournal
=856  \\$31850-9999$uhttp://journals.lww.com$xBLDSS
=852  41$aBritish Library$bHMNTS$jELD Digital store$3Volume 39:Issue 2(2013)-
=852  41$aBritish Library$bDSC$j3555.140000$3Volume 21:Issue 1(1995)-***See ESTAR for full holdings.
=945  \\$aDERMATOLOGIC SURGERY
=959  \\$fCurrently received
=985  \\$aCorrected by BSS-generated file for WR# 08/157
=985  \\$aCorrected by MS generated file for WR# 12.018
=A02  \\$a102509669
=CAT  \\$aCONV$b00$c20040425$lBLL90$h0712
=CAT  \\$aBATCH-CLA$b00$c20140125$lBLL01$h1253
=CAT  \\$aWR14_009$c20140204$lBLL01$h2343
=CAT  \\$a8323$b40$c20140213$lBLL01$h1447
=CAT  \\$a8323$b40$c20140213$lBLL01$h1537
=CAT  \\$aBATCH-CLA$c20140225$lBLL01$h2319
=CAT  \\$aBATCH-UPD$b00$c20140527$lBLL01$h2035
=CAT  \\$aBATCH-CLA$c20140528$lBLL01$h1735
=CAT  \\$aIPL-CLA$c20140630$lBLL01$h1718
=CAT  \\$a12654$b40$c20140929$lBLL01$h1232
=CAT  \\$aBLDSS-3PM$b00$c20141116$lBLL01$h1731
=CAT  \\$aBATCH-UPD$b00$c20150219$lBLL01$h1728
=CAT  \\$aIPL-CLA$c20150331$lBLL01$h1633
=CAT  \\$a8411$b40$c20150518$lBLL01$h1405
=CAT  \\$aBATCH-UPD$b40$c20150520$lBLL01$h1738
=CAT  \\$aIPL-CLA$c20150630$lBLL01$h1642
=CAT  \\$a11205$b40$c20150702$lBLL01$h0956
=CAT  \\$a11205$b40$c20150702$lBLL01$h1600
=CAT  \\$aBATCH-UPD$b40$c20150820$lBLL01$h1823
=CAT  \\$aIPL-CLA$c20150930$lBLL01$h1800
=CAT  \\$aBATCH-UPD$b00$c20160217$lBLL01$h1711
=CAT  \\$aIPL-CLA$c20160331$lBLL01$h1721
=CAT  \\$aBATCH-UPD$b00$c20160522$lBLL01$h2346
=CAT  \\$aBATCH-UPD$b00$c20160524$lBLL01$h2156
=CAT  \\$a10983$b40$c20160617$lBLL01$h0907
=CAT  \\$aW1711-1005$c20171206$lBLL01$h1815
=CFI  0\$aCurrent copyright fee: GBP32.00$c20\0$e01-apr-2016$fGBP32.00$g0$hP$5Uk
=CFI  2\$aPrevious copyright fee: GBP30.32$c20\0$e01-oct-2015$fGBP30.32$g0$hP$5Uk
=EST  \\$a1
=FFP  \\$aY$bBLDSS-3PM
=FIN  \\$aY
=LEO  \\$aMP10.0000629928
=LET  \0$aDermatologic surgery (Print)
=LKR  \\$aPAR$b007529904$lBLL01$r776$mDermatologic surgery (Online)$nDermatologic surgery (Print)
=MNI  \\$a1076-0512
=SID  \\$aZ39$bOCLC
=SRC  \\$aDSS01$bbibmp10.200404.2.aa
=TCO  \\$aTRS$bCCC$c008
=TOC  \\$aETOC
=UNO  \\$aY
=ACF  \\$aCurrent copyright fee: GBP13.00$c10\0$e01-apr-2003$fGBP13.00$g0$hP$5Uk
=ACF  \\$aCurrent copyright fee: GBP13.00$c10\2$e01-jan-2002$fGBP13.00$g0$hP$5Uk
=ACF  \\$aPrevious copyright fee: GBP15.00$c10\0$e01-apr-2004$fGBP15.00$g0$hP$5Uk
=ACF  \\$aPrevious copyright fee: GBP22.00$c10\0$e01-jan-2006$fGBP22.00$g0$hP$5Uk
=ACF  \\$aPrevious copyright fee: GBP29.38$c20\0$e01-jan-2014$fGBP29.38$g0$hP$5Uk
=ACF  \\$aPrevious copyright fee: GBP28.48$c20\0$e01-jul-2014$fGBP28.48$g0$hP$5Uk
=ACF  \\$aPrevious copyright fee: GBP30.32$c20\0$e01-apr-2015$fGBP30.32$g0$hP$5Uk
=ACF  \\$aPrevious copyright fee: GBP31.33$c20\0$e01-jul-2015$fGBP31.33$g0$hP$5Uk
=LAS  \\$aW1711-1005$b00$c20171206$lBLL01$h1815

