=LDR  05043cas a2201189 a 4500
=001  012432694
=003  Uk
=005  20210217143900.0
=006  m\\\\\o\\d\\\\\\\\
=007  cr\mnu||||||||
=008  040410c19899999enkqr\p\o\\\\\0\\\a0eng\\
=FMT  \\$a  SE
=010  \\$a2001252322
=015  \\$aGBB348867$2bnb
=019  c\$a102431826
=022  0\$a1443-1661$y0915-5635
=035  \\$a(OCoLC)45993042$z(OCoLC)45092087$z(OCoLC)52226468
=037  \\$aISSN_09155635$bPortico$nWiley
=040  \\$aWAU$beng$cWAU$dOCLCQ$dWAU$dOCLCQ$dUQ1$dCLU$dOCLCQ$dUk
=042  \\$aukblsr
=050  14$aRC799
=082  04$a616.3$222
=130  0\$aDigestive endoscopy (Online)
=222  \0$aDigestive endoscopy$b(Online)
=245  10$aDigestive endoscopy$h[electronic resource].
=246  1\$iSource code title:$aDig Endosc
=260  \\$3<Jan. 2000-> :$a[Oxford, England] :$bBlackwell Pub.
=260  3\$3<2010-> :$aRichmond :$bBlackwell
=310  \\$aQuarterly
=336  \\$atext$2rdacontent
=337  \\$acomputer$2rdamedia
=338  \\$aonline resource$2rdacarrier
=362  1\$aPrint began with vol. 1, no. 1 (Oct. 1989).
=516  \\$aPDF format
=525  \\$aHas occasional supplements.
=550  \\$aOfficial journal of: the Japan Gastroenterological Endoscopy Society, and also Asian Pacific Society for Digestive Endoscopy, <2010->.
=588  \\$aDescription based on: Vol. 12, issue 1 (Jan. 2000); title from table of contents screen (publisher's Web site, viewed Dec. 8, 2003).
=588  \\$aLatest issue consulted: Vol. 22, issue 3 (July 2010) (Wiley Interscience viewed July 13, 2010).
=540  \\$aCurrent Copyright Fee: GBP39.00$c35\0$5Uk
=650  \0$aDigestive organs$xDiseases$vPeriodicals.
=650  \0$aDigestive organs$xDiseases$xDiagnosis$vPeriodicals.
=650  \0$aEndoscopy$vPeriodicals.
=650  \2$aDigestive System Diseases$xdiagnosis$vPeriodicals.
=650  \2$aDigestive System Diseases$xtherapy$vPeriodicals.
=650  \2$aEndoscopy$vPeriodicals.
=710  2\$aNihon Shōkaki Naishikyō Gakkai.
=710  2\$aAsian Pacific Society for Digestive Endoscopy.
=776  08$iPrint version:$tDigestive endoscopy$x0915-5635
=859  \\$aELD$bejournal
=856  \\$31850-9999$uhttp://onlinelibrary.wiley.com/$xBLDSS
=852  41$aBritish Library$bDSC$j3588.346200$3Volume 12:Issue 1(2000)-Volume 26:Issue 6(2014)***See ESTAR for full holdings.
=852  41$aBritish Library$bHMNTS$jELD Digital store$3Volume 25:Issue 1(2013:Jan.)-
=945  \\$aDigestive endoscopy
=959  \\$fHeld but not currently received
=985  \\$aCONFERENCE ANALYTIC &RECORDS EXIST
=A02  \\$a102431826
=CAT  \\$aCONV$b00$c20040425$lBLL90$h0712
=CAT  \\$aWR13.114$c20130717$lBLL01$h1312
=CAT  \\$aBATCH-PORT$c20130829$lBLL01$h1113
=CAT  \\$aBATCH-CLA$b00$c20140125$lBLL01$h1251
=CAT  \\$aWR14_009$c20140204$lBLL01$h2343
=CAT  \\$aBATCH-CLA$c20140225$lBLL01$h2319
=CAT  \\$aBLDSS-3PM$b00$c20141214$lBLL01$h1521
=CAT  \\$a13041$b40$c20141217$lBLL01$h1615
=CAT  \\$aBATCH-UPD$b40$c20150215$lBLL01$h1623
=CAT  \\$aIPL-CLA$c20150228$lBLL01$h2046
=CAT  \\$aCDS15-UPD$b40$c20150918$lBLL01$h1639
=CAT  \\$aBATCH-UPD$b40$c20160519$lBLL01$h2011
=CAT  \\$aW1703-0316$c20170306$lBLL01$h1823
=CAT  \\$aW1703-0316$c20170307$lBLL01$h1647
=CAT  \\$aIPL-CLA$c20170307$lBLL01$h1823
=CAT  \\$aW1711-1005$c20171206$lBLL01$h1815
=CAT  \\$aBATCH-UPD$b00$c20180219$lBLL01$h1744
=CAT  \\$aBATCH-UPD$b00$c20181121$lBLL01$h1620
=CAT  \\$aIPL-CLA$c20181231$lBLL01$h1539
=CAT  \\$a5410$b40$c20191106$lBLL01$h0920
=CAT  \\$aR1911-0245$c20191127$lBLL01$h0944
=CAT  \\$aR1911-0245$c20191127$lBLL01$h1045
=CAT  \\$aIPL-CLA$c20191231$lBLL01$h1922
=CAT  \\$a12654$b40$c20210122$lBLL01$h1458
=CAT  \\$a5410$b40$c20210217$lBLL01$h1438
=CAT  \\$a5410$b40$c20210217$lBLL01$h1439
=CFI  0\$aCurrent Copyright Fee: GBP39.00$c35\0$e01-jan-2020$fGBP39.00$g0$hP$5Uk
=CFI  2\$aPrevious copyright fee: GBP28.00$c35\0$e01-jan-2019$fGBP28.00$g0$hP$5Uk
=EST  \\$a1
=FFP  \\$aY$bBLDSS-3PM
=FIN  \\$aY
=LEO  \\$aMP10.0000629964
=LKR  \\$aPAR$b007168716$lBLL01$r776$mDigestive endoscopy$nDigestive endoscopy (Online)
=MNI  \\$a0915-5635
=SID  \\$aZ39$bOCLC
=SRC  \\$aDSS01$bbibmp10.200404.2.aa
=TCO  \\$aJPN$bJAACC$c008
=TOC  \\$aETOC
=UNO  \\$aY
=ACF  \\$aCurrent copyright fee: GBP13.00$c10\0$e01-apr-2003$fGBP13.00$g0$hP$5Uk
=ACF  \\$aCurrent copyright fee: GBP13.00$c10\3$e01-jan-2002$fGBP13.00$g0$hP$5Uk
=ACF  \\$aPrevious copyright fee: GBP15.00$c10\0$e01-apr-2004$fGBP15.00$g0$hP$5Uk
=ACF  \\$aPrevious Copyright Fee: GBP22.00$c10\0$e01-jan-2006$fGBP22.00$g0$hP$5Uk
=ACF  \\$aPrevious copyright fee: GBP24.00$c10\0$e01-mar-2015$fGBP24.00$g0$hP$5Uk
=ACF  \\$aPrevious copyright fee: GBP24.00$c35\0$e07-mar-2017$fGBP24.00$g0$hP$5Uk
=LAS  \\$a5410$b40$c20210217$lBLL01$h1439

