=LDR  05473cas a2201213 a 4500
=001  012432791
=003  Uk
=005  20221008112400.0
=006  m\\\\\o\\d\\\\\\\\
=007  cr\mnu||||||||
=008  040410c19829999gw\sr\p\o\\\\\0\\\a0eng\\
=FMT  \\$a  SE
=015  \\$aGBB407019$2bnb
=019  c\$a102195862
=022  \\$a1460-2075$l0261-4189$y0261-4189
=037  \\$aISSN_02614189_2$bPortico$nWiley
=040  \\$aUk$cUk$dUk
=042  \\$aukblsr
=082  04$a572.805$223
=130  0\$aEMBO journal (Online)
=210  0\$aEMBO j.$b(Online)
=222  \0$aEMBO journal$b(Online)
=245  14$aThe EMBO journal$h[electronic resource].
=246  3\$aEuropean Molecular Biology Organization journal
=260  \\$aLondon :$bNature Pub. Group
=264  31$aWeinheim :$bWILEY-VCH Verlag GmbH & Co. KGaA
=310  \\$aSemimonthly
=336  \\$atext$2rdacontent
=337  \\$acomputer$2rdamedia
=338  \\$aonline resource$2rdacarrier
=362  1\$aPrint began with v. 1, no. 1, published in 1982.
=538  \\$aMode of access: World Wide Web.
=550  \\$aPublished for the European Molecular Biology Organization.
=588  \\$aLatest issue consulted: volume 33, issue 2 (January 2014) (Wiley Online Library, viewed January 16, 2014).
=540  \\$aCurrent copyright fee: GBP46.00$c35\0$5Uk
=650  \0$aMolecular biology$vPeriodicals.
=710  2\$aEuropean Molecular Biology Organization.
=776  08$iPrint version:$tEMBO journal$x0261-4189
=859  \\$aELD$bejournal
=856  \\$31850-9999$uhttp://onlinelibrary.wiley.com/$xBLDSS
=852  41$aBritish Library$bHMNTS$jELD Digital store$3Volume 32:Number 1(2013)-***Previous issues available in print copy
=852  41$aBritish Library$bDSC$j3733.085000$3Volume 16:Issue 1(1997)-Volume 33:Issue 24(2014)***See ESTAR for full holdings.
=945  \\$aEMBO journal
=959  \\$fHeld but not currently received
=979  \\$aBritish Library$bDSC$j3733.085000
=985  \\$aISSN responsibility transferred from ISSN UK Centre to ISSN Germany, 17/03/14. Publisher details taken from: http://onlinelibrary.wiley.com/journal/10.1002/(ISSN)1460-2075/homepage/Contact.html (webpage viewed 17/03/14).
=A02  \\$a102195862
=CAT  \\$aCONV$b00$c20040425$lBLL90$h0712
=CAT  \\$aIPL-CLA$c20131231$lBLL01$h2327
=CAT  \\$a8124$b40$c20140116$lBLL01$h0931
=CAT  \\$a14112$b40$c20140131$lBLL01$h1554
=CAT  \\$a10806$b40$c20140317$lBLL01$h0915
=CAT  \\$a10806$b40$c20140317$lBLL01$h0923
=CAT  \\$aBLDSS-3PM$b00$c20141214$lBLL01$h1521
=CAT  \\$aBATCH-UPD$b00$c20150215$lBLL01$h1655
=CAT  \\$aIPL-CLA$c20150228$lBLL01$h2046
=CAT  \\$aCDS15-UPD$b40$c20150918$lBLL01$h1639
=CAT  \\$aBATCH-UPD$b40$c20160524$lBLL01$h2148
=CAT  \\$aBATCH-UPD$b40$c20160524$lBLL01$h2156
=CAT  \\$aW1711-1005$c20171206$lBLL01$h1815
=CAT  \\$aBATCH-UPD$b00$c20180219$lBLL01$h1744
=CAT  \\$aBATCH-UPD$b00$c20181121$lBLL01$h1620
=CAT  \\$aIPL-CLA$c20181231$lBLL01$h1539
=CAT  \\$a5410$b40$c20191112$lBLL01$h1132
=CAT  \\$aR1911-0245$c20191127$lBLL01$h1015
=CAT  \\$aR1911-0245$c20191127$lBLL01$h1031
=CAT  \\$aR1911-0245$c20191127$lBLL01$h1035
=CAT  \\$aIPL-CLA$c20191231$lBLL01$h1922
=CAT  \\$a5552$b40$c20210617$lBLL01$h0803
=CAT  \\$aIPL-CLA$c20210704$lBLL01$h1016
=CAT  \\$aW2111-0842$c20211209$lBLL01$h1035
=CAT  \\$aIPL-CLA$c20211231$lBLL01$h1541
=CAT  \\$a5410$b40$c20221008$lBLL01$h1124
=CFI  0\$aCurrent copyright fee: GBP46.00$c35\0$e01-jan-2022$fGBP46.00$g0$hP$5Uk
=CFI  2\$aPrevious Copyright Fee: GBP32.00$c35\0$e01-jul-2021$fGBP32.00$g0$hP$5Uk
=EST  \\$a1
=FFP  \\$aY$bBLDSS-3PM
=FIN  \\$aY
=LEO  \\$aMP10.0000630061
=LEO  \\$aMP22.0000056181
=LET  \0$aEMBO journal (Online)
=LKR  \\$aPAR$b011632572$lBLL01$nEMBO journal (Print)$mEMBO journal (Online)$r776
=MNI  \\$a0261-4189
=SRC  \\$aISN01$bbibmp22.200404.2.aa
=SRC  \\$aDSS01$bbibmp10.200404.2.aa
=TCO  \\$aCLA$bCLA$c008
=TOC  \\$aETOC
=UNO  \\$aY
=ACF  \\$aPrevious copyright fee: GBP16.60$c16\0$e01-jan-2007$fGBP16.60$g0$hP$5Uk
=ACF  \\$aPrevious copyright fee: GBP16.22$c16\0$e01-oct-2006$fGBP16.22$g0$hP$5Uk
=ACF  \\$aPrevious Copyright Fee: GBP17.14$c16\0$e01-apr-2006$fGBP17.14$g0$hP$5Uk
=ACF  \\$aPrevious copyright fee: GBP16.67$c16\0$e01-jan-2006$fGBP16.67$g0$hP$5Uk
=ACF  \\$aPrevious copyright fee: GBP16.22$c16\0$e01-apr-2005$fGBP16.22$g0$hP$5Uk
=ACF  \\$aPrevious copyright fee: GBP16.67$c16\0$e01-jan-2005$fGBP16.67$g0$hP$5Uk
=ACF  \\$aPrevious copyright fee: GBP13.51$c16\0$e01-apr-2004$fGBP13.51$g0$hP$5Uk
=ACF  \\$aCurrent copyright fee: GBP14.71$c16\0$e01-jan-2004$fGBP14.71$g0$hP$5Uk
=ACF  \\$aCurrent copyright fee: GBP10.00$c29\0$e01-apr-2002$fGBP10.00$g0$hP$5Uk
=ACF  \\$aPrevious copyright fee: GBP17.50$c16\0$e01-jan-2009$fGBP17.50$g0$hP$5Uk
=ACF  \\$aPrevious copyright fee: GBP22.00$c16\0$e01-oct-2010$fGBP22.00$g0$hP$5Uk
=ACF  \\$aPrevious copyright fee: GBP22.00$c35\0$e01-jan-2014$fGBP22.00$g0$hP$5Uk
=ACF  \\$aPrevious copyright fee: GBP24.00$c35\0$e01-mar-2015$fGBP24.00$g0$hP$5Uk
=ACF  \\$aPrevious copyright fee: GBP28.00$c35\0$e01-jan-2019$fGBP28.00$g0$hP$5Uk
=ACF  \\$aPrevious Copyright Fee: GBP46.00$c35\0$e01-jan-2020$fGBP46.00$g0$hP$5Uk
=LAS  \\$a5410$b40$c20221008$lBLL01$h1124

