=LDR  06007cas a2201333 a 4500
=001  012432828
=003  Uk
=005  20220930142620.0
=006  m\\\\\o\\d\\\\\\\\
=007  cr\cnu||||||||
=008  020627c19889999xx\br\p\o\\\\\0\\\a0eng\c
=FMT  \\$a  SE
=010  \\$a2002212904
=015  \\$aGBB350390$2bnb
=019  c\$a102389079
=022  0\$a1540-6520$y1042-2587$21
=035  \\$a(OCoLC)50076152$z(OCoLC)52335541
=037  3\$aetp$bSage (UK) Ltd
=037  \\$aISSN_10422587$bPortico$nWiley
=040  \\$aNSD$beng$cNSD$dDLC$dRBN$dOCLCQ$dOCL$dOCLCQ$dVRC$dUQ1$dUBY$dDLC$dOCLCQ$dOCLCO$dUk
=042  \\$aukblsr
=050  10$aISSN RECORD
=050  10$aHD2346.U5
=082  04$a658.421$223
=130  0\$aEntrepreneurship theory and practice (Online)
=222  \0$aEntrepreneurship theory and practice$b(Online)
=245  10$aEntrepreneurship theory and practice$h[electronic resource].
=246  3\$aET & P
=246  3\$aET and P
=260  \\$aMalden, Mass. :$bBlackwell Publishers
=260  2\$3<May 2011> :$aMalden, MA :$bJohn Wiley and Sons
=264  31$32018-$a[Place of publication not identified] :$bSAGE
=310  \\$aBimonthly
=321  \\$aQuarterly
=336  \\$atext$2rdacontent
=337  \\$acomputer$2rdamedia
=338  \\$aonline resource$2rdacarrier
=362  1\$aPrint began with vol. 13, no. 1 (fall 1988).
=530  \\$aAlso issued in print.
=538  \\$aMode of access: World Wide Web.
=550  \\$a"Official journal of the United States Association for Small Business and Entrepreneurship."
=588  \\$aDescription based on: Vol. 27, issue 1 (Sept. 2002); title from table of contents (viewed Apr. 21, 2003).
=588  \\$aLatest issue consulted: volume 42, issue 2 (March 2018) (SAGE journals, viewed March 28, 2018).
=595  \\$aFORMERLY 0838.23 UP TO VOL. 12(4), 1988.
=540  \\$aCurrent copyright fee: GBP32.82$c103\0$5Uk
=650  \0$aSmall business$vPeriodicals.
=650  \0$aNew business enterprises$vPeriodicals.
=650  \0$aEntrepreneurship$vPeriodicals.
=690  7\$aManagement and Business Studies$2blcoll
=710  2\$aUnited States Association for Small Business and Entrepreneurship.
=776  1\$tEntrepreneurship theory and practice$x1042-2587
=859  \\$aELD$bejournal
=856  \\$31850-9999$uhttp://onlinelibrary.wiley.com/$xBLDSS
=852  41$aBritish Library$bHMNTS$jELD Digital store$3Volume 37:Number 1(2013:Jan.)-
=852  41$aBritish Library$bDSC$j3790.548000$3Volume 27:Issue 3(2003)-Volume 38:Issue 6(2014)***See ESTAR for full holdings.
=945  \\$aENTREPRENEURSHIP THEORY AND PRACTICE.
=959  \\$fHeld but not currently received
=963  \\$aVOL. 16, 1991- *A=1$bN$cP425.C.149
=985  \\$aCorrected by MS generated file for WR# 12.018
=A02  \\$a102389079
=CAT  \\$aCONV$b00$c20040425$lBLL90$h0712
=CAT  \\$a5552$b40$c20180209$lBLL01$h1135
=CAT  \\$aBATCH-UPD$b40$c20180214$lBLL01$h0105
=CAT  \\$aBATCH-UPD$b40$c20180223$lBLL01$h1541
=CAT  \\$a5552$b40$c20180309$lBLL01$h1610
=CAT  \\$a14412$b40$c20180320$lBLL01$h1420
=CAT  \\$a10806$b40$c20180328$lBLL01$h1152
=CAT  \\$aIPL-CLA$c20180331$lBLL01$h1615
=CAT  \\$aBATCH-UPD$b00$c20180823$lBLL01$h1858
=CAT  \\$aIPL-CLA$c20180930$lBLL01$h1500
=CAT  \\$aBATCH-UPD$b00$c20190521$lBLL01$h1346
=CAT  \\$aIPL-CLA$c20190630$lBLL01$h1531
=CAT  \\$aBATCH-UPD$b00$c20190829$lBLL01$h1429
=CAT  \\$aIPL-CLA$c20190930$lBLL01$h1635
=CAT  \\$aBATCH-UPD$b00$c20200219$lBLL01$h1419
=CAT  \\$aIPL-CLA$c20200331$lBLL01$h1612
=CAT  \\$aBATCH-UPD$b00$c20200522$lBLL01$h1412
=CAT  \\$aIPL-CLA$c20200701$lBLL01$h0053
=CAT  \\$aBATCH-UPD$b00$c20210226$lBLL01$h0952
=CAT  \\$aIPL-CLA$c20210331$lBLL01$h1659
=CAT  \\$aBATCH-UPD$b00$c20210707$lBLL01$h1516
=CAT  \\$aIPL-CLA$c20210707$lBLL01$h1843
=CAT  \\$aBATCH-UPD$b00$c20220520$lBLL01$h1543
=CAT  \\$aIPL-CLA$c20220630$lBLL01$h1536
=CAT  \\$aBATCH-UPD$b00$c20220824$lBLL01$h0819
=CAT  \\$aIPL-CLA$c20220930$lBLL01$h1426
=CFI  0\$aCurrent copyright fee: GBP32.82$c103\0$e01-oct-2022$fGBP32.82$g0$hP$5Uk
=CFI  2\$aPrevious copyright fee: GBP31.50$c103\0$e01-jul-2022$fGBP31.50$g0$hP$5Uk
=EST  \\$a1
=FFP  \\$aY$bBLDSS-3PM
=FIN  \\$aY
=LEO  \\$aMP10.0000630098
=LKR  \\$aPAR$b007853217$lBLL01$r776$mEntrepreneurship theory and practice (Online)$nEntrepreneurship theory and practice
=MNI  \\$a1042-2587
=SRC  \\$aDSS01$bbibmp10.200404.2.aa
=TCO  \\$aTRS$bCCC$c008
=TOC  \\$aETOC
=UNO  \\$aY
=ACF  \\$aCurrent copyright fee: GBP13.00$c10\0$e01-apr-2003$fGBP13.00$g0$hP$5Uk
=ACF  \\$aCurrent copyright fee: GBP13.00$c10\4$e01-jan-2003$fGBP13.00$g0$hP$5Uk
=ACF  \\$aPrevious copyright fee: GBP15.00$c10\0$e01-apr-2004$fGBP15.00$g0$hP$5Uk
=ACF  \\$aPrevious copyright fee: GBP22.00$c10\0$e01-jan-2006$fGBP22.00$g0$hP$5Uk
=ACF  \\$aPrevious copyright fee: GBP24.00$c35\0$e07-mar-2017$fGBP24.00$g0$hP$5Uk
=ACF  \\$aPrevious copyright fee: GBP24.00$c10\0$e01-mar-2015$fGBP24.00$g0$hP$5Uk
=ACF  \\$aPrevious copyright fee: GBP27.69$c103\0$e09-feb-2018$fGBP27.69$g0$hP$5Uk
=ACF  \\$aPrevious copyright fee: GBP25.71$c103\0$e01-apr-2018$fGBP25.71$g0$hP$5Uk
=ACF  \\$aPrevious copyright fee: GBP27.69$c103\0$e01-oct-2018$fGBP27.69$g0$hP$5Uk
=ACF  \\$aPrevious copyright fee: GBP29.08$c103\0$e01-jul-2019$fGBP29.08$g0$hP$5Uk
=ACF  \\$aPrevious copyright fee: GBP30.24$c103\0$e01-oct-2019$fGBP30.24$g0$hP$5Uk
=ACF  \\$aPrevious copyright fee: GBP30.29$c103\0$e01-apr-2020$fGBP30.29$g0$hP$5Uk
=ACF  \\$aPrevious copyright fee: GBP31.50$c103\0$e01-jul-2020$fGBP31.50$g0$hP$5Uk
=ACF  \\$aPrevious copyright fee: GBP29.17$c103\0$e01-apr-2021$fGBP29.17$g0$hP$5Uk
=ACF  \\$aPrevious copyright fee: GBP28.13$c103\0$e07-jul-2021$fGBP28.13$g0$hP$5Uk
=LAS  \\$aIPL-CLA$b00$c20220930$lBLL01$h1426

