=LDR  04644cas a2201129 a 4500
=001  012433132
=003  Uk
=005  20230511162828.0
=006  m\\\\fo\\d\\\\\\\\
=007  cr\un|||||||||
=008  040410c19619999xxumx\p|o|\\\\0\\\a0eng\\
=FMT  \\$a  SE
=015  \\$aGBB348225$2bnb
=019  c\$a102077823
=022  0\$a1526-4610$l0017-8748$y1365-2524$21
=035  \\$a(OCoLC)42267237$z(OCoLC)44506174
=037  \\$aISSN_00178748$bPortico$nWiley
=040  \\$aNSD$beng$cNSD$dMYG$dOCLCQ$dSBH$dOCLCQ$dDLC$dOCLCQ$dOCLCO$dOCLCQ$dUk
=042  \\$aukblsr
=050  10$aISSN RECORD
=050  14$aRC392$b.H4
=082  04$a616.8491$222
=130  0\$aHeadache (Online)
=222  \0$aHeadache$b(Online)
=245  10$aHeadache$h[electronic resource] :$bthe journal of head and face pain.
=260  \\$a[Malden, Mass.] :$bBlackwell Science :$bAmerican Headache Society
=260  3\$3<Jun. 2011> :$aMalden, MA :$bJohn Wiley & Sons
=310  \\$aTen issues yearly
=336  \\$atext$2rdacontent
=337  \\$acomputer$2rdamedia
=338  \\$aonline resource$2rdacarrier
=362  1\$aPrint began in 1961.
=538  \\$aMode of access: World Wide Web.
=550  \\$aIssued by: American Headache Society.
=588  \\$aDescription based on: Vol. 40, issue 1 (Jan. 2000); title from table of contents page (viewed Oct. 30, 2000).
=588  \\$aLatest issue consulted: Vol. 51, issue 6 (Jun. 2011) (Wiley Online Library, viewed Jul. 5, 2011).
=540  \\$aCurrent Copyright Fee: GBP39.00$c35\0$5Uk
=650  \0$aHeadache$vPeriodicals.
=650  12$aHeadache$vPeriodicals.
=710  2\$aAmerican Headache Society.
=776  0\$tHeadache$x0017-8748
=859  \\$aELD$bejournal
=856  \\$31850-9999$uhttp://onlinelibrary.wiley.com/$xBLDSS
=852  41$aBritish Library$bHMNTS$jELD Digital store$3Volume 53:Issue 1(2013)-
=852  41$aBritish Library$bDSC$j4274.640000$3Volume 7:Issue 3(1967)-Volume 58:Issue 3(2018)***See ESTAR for full holdings.
=945  \\$aHeadache
=959  \\$fHeld but not currently received
=979  \\$aBritish Library$bDSC$j4274.640000
=985  \\$aCorrected by MS generated file for WR# 12.018
=A02  \\$a102077823
=CAT  \\$aCONV$b00$c20040425$lBLL90$h0712
=CAT  \\$a8201$b40$c20130516$lBLL01$h1353
=CAT  \\$aWR13.114$c20130717$lBLL01$h1312
=CAT  \\$aBATCH-PORT$c20130829$lBLL01$h1113
=CAT  \\$aBATCH-CLA$b00$c20140125$lBLL01$h1300
=CAT  \\$aWR14_009$c20140204$lBLL01$h2343
=CAT  \\$aBATCH-CLA$c20140225$lBLL01$h2319
=CAT  \\$aBLDSS-3PM$b00$c20141214$lBLL01$h1521
=CAT  \\$aBATCH-UPD$b00$c20150215$lBLL01$h1623
=CAT  \\$aIPL-CLA$c20150228$lBLL01$h2046
=CAT  \\$aBATCH-UPD$b00$c20160529$lBLL01$h2358
=CAT  \\$aW1703-0316$c20170306$lBLL01$h1823
=CAT  \\$aW1703-0316$c20170307$lBLL01$h1647
=CAT  \\$aIPL-CLA$c20170307$lBLL01$h1823
=CAT  \\$aW1711-1005$c20171206$lBLL01$h1815
=CAT  \\$aBATCH-UPD$b00$c20180219$lBLL01$h1744
=CAT  \\$aW1805-0471$c20180520$lBLL01$h1137
=CAT  \\$aBATCH-UPD$b00$c20181121$lBLL01$h1620
=CAT  \\$aIPL-CLA$c20181231$lBLL01$h1540
=CAT  \\$aR1911-0245$c20191127$lBLL01$h0822
=CAT  \\$aR1911-0245$c20191127$lBLL01$h1045
=CAT  \\$aIPL-CLA$c20191231$lBLL01$h1922
=CAT  \\$a8055$b40$c20230104$lBLL01$h1344
=CAT  \\$a8055$b40$c20230104$lBLL01$h1406
=CAT  \\$a5410$b40$c20230114$lBLL01$h1510
=CAT  \\$aBATCH-FIX$c20230511$lBLL01$h1628
=CFI  0\$aCurrent Copyright Fee: GBP39.00$c35\0$e04-jan-2023$fGBP39.00$g0$hP$5Uk
=CFI  2\$aprevious Copyright Fee: GBP32.00$c35\0$e01-jan-2020$fGBP32.00$g0$hP$5Uk
=EST  \\$a1
=FFP  \\$aY$bBLDSS-3PM
=FIN  \\$aY
=LEO  \\$aMP10.0000630402
=LKR  \\$aPAR$b009199933$lBLL01$r776$mHeadache (Online)$nHeadache.
=MNI  \\$a0017-8748
=SID  \\$aZ39$bOCLC
=SRC  \\$aDSS01$bbibmp10.200404.2.aa
=TCO  \\$aTRS$bCCC$c008
=TOC  \\$aETOC
=UNO  \\$aY
=ACF  \\$aPrevious copyright fee: GBP28.00$c35\0$e01-jan-2019$fGBP28.00$g0$hP$5Uk
=ACF  \\$aCurrent copyright fee: GBP13.00$c10\0$e01-apr-2003$fGBP13.00$g0$hP$5Uk
=ACF  \\$aCurrent copyright fee: GBP13.00$c10\2$e01-jan-2002$fGBP13.00$g0$hP$5Uk
=ACF  \\$aPrevious copyright fee: GBP15.00$c10\0$e01-apr-2004$fGBP15.00$g0$hP$5Uk
=ACF  \\$aPrevious copyright fee: GBP22.00$c10\0$e01-jan-2006$fGBP22.00$g0$hP$5Uk
=ACF  \\$aPrevious copyright fee: GBP24.00$c10\0$e01-mar-2015$fGBP24.00$g0$hP$5Uk
=ACF  \\$aPrevious copyright fee: GBP24.00$c35\0$e07-mar-2017$fGBP24.00$g0$hP$5Uk
=LAS  \\$aBATCH-FIX$b00$c20230511$lBLL01$h1628

