=LDR  05497cas a2201261 a 4500
=001  012433154
=003  Uk
=005  20230119150354.0
=006  m\\\\\o\\d\\\\\\\\
=007  cr\cnu||||||||
=008  021113c20009999mauqr\pso\\\\\0\\\a0eng\c
=FMT  \\$a  SE
=010  \\$a2002213977
=015  \\$aGBB350405$2bnb
=019  c\$a102598932
=022  0\$a1542-4758$l1492-7535$y1492-7535$21
=035  \\$a(OCoLC)50995806
=037  \\$aISSN_14927535$bPortico$nWiley
=040  \\$aNSD$beng$cNSD$dOCLCQg$dOCL$dOCLCQ$dMYG$dNSD$dOCL$dVRC$dUQ1$dKSU$dOCLCQ$dDLC$dBUF$dOCLCQ$dUk
=042  \\$aukblsr
=050  10$aISSN RECORD
=050  14$aRC901.7.H45$bH46
=060  \4$aW1$bHO503I
=082  04$a617.461059$222
=130  0\$aHemodialysis international (Online)
=210  0\$aHemodial. int.$b(Online)
=222  \0$aHemodialysis international$b(Online)
=245  10$aHemodialysis international$h[electronic resource] /$cthe official journal of the International Society for Hemodialysis.
=260  \\$3<2000-2002>:$aMilton, Ont. :$bMultimed
=260  3\$3<2003->:$a[Malden, MA :$aLondon] :$bBlackwell Pub.
=310  \\$aQuarterly,$b2003-
=321  \\$aAnnual,$b2000-2002
=336  \\$atext$2rdacontent
=337  \\$acomputer$2rdamedia
=338  \\$aonline resource$2rdacarrier
=362  1\$aPrint began with vol. 4 (2000).
=500  \\$aOriginally an annual publication containing the Proceedings of the International Symposium on Hemodialysis held in conjunction with the Annual Dialysis Conference.
=525  \\$aIncludes proceedings supplements.
=538  \\$aMode of access: World Wide Web.
=550  \\$aOfficial journal of the International Society for Hemodialysis.
=588  \\$aDescription based on: Vol. 7, no. 1 (2003); title from journal information screen (FirstSearch, viewed Apr. 15, 2004).
=588  \\$aLatest issue consulted: Vol. 14, issue 4 (Oct. 2010) (Wiley Online Library, viewed Nov. 15, 2010).
=595  \\$aFORMERLY 4326.05455 UP TO VOL. 3, 1999.
=540  \\$aCurrent Copyright Fee: GBP39.00$c35\0$5Uk
=650  \0$aHemodialysis$vPeriodicals.
=650  \2$aRenal Dialysis$vPeriodicals.
=650  \2$aRenal Dialysis$vCongresses.
=650  \2$aHemodialysis, Home$vCongresses.
=710  2\$aInternational Society for Hemodialysis.
=711  2\$aDialysis Conference.
=776  08$iAlso issued in print:$tHemodialysis international$x1492-7535
=859  \\$aELD$bejournal
=856  \\$31850-9999$uhttp://onlinelibrary.wiley.com/$xBLDSS
=852  41$aBritish Library$bHMNTS$jELD Digital store$3Volume 17:Issue 1(2013)-***Previous issues available in print copy
=852  41$aBritish Library$bDSC$j4295.038000$3Volume 7:Issue 2(2003)-Volume 22:Issue 1(2018)***See ESTAR for full holdings.
=945  \\$aHEMODIALYSIS INTERNATIONAL.
=959  \\$fHeld but not currently received
=979  \\$aBritish Library$bDSC$j4295.038000
=985  \\$aCorrected by BSS-generated file for WR# 08/157
=985  \\$aCorrected by MS generated file for WR# 12.018
=985  \\$aCONFERENCE ANALYTIC RECORDS EXIST
=A02  \\$a102598932
=CAT  \\$aCONV$b00$c20040425$lBLL90$h0713
=CAT  \\$a6162$b40$c20130305$lBLL01$h1607
=CAT  \\$aWR13.005$c20130323$lBLL01$h1510
=CAT  \\$a8201$b40$c20130522$lBLL01$h0959
=CAT  \\$aWR13.114$c20130717$lBLL01$h1312
=CAT  \\$aBATCH-PORT$c20130829$lBLL01$h1113
=CAT  \\$a6162$b40$c20131108$lBLL01$h1222
=CAT  \\$aBATCH-CLA$b00$c20140125$lBLL01$h1300
=CAT  \\$aWR14_009$c20140204$lBLL01$h2342
=CAT  \\$aBATCH-CLA$c20140225$lBLL01$h2319
=CAT  \\$aBLDSS-3PM$b00$c20141214$lBLL01$h1521
=CAT  \\$aBATCH-UPD$b00$c20150215$lBLL01$h1623
=CAT  \\$aIPL-CLA$c20150228$lBLL01$h2046
=CAT  \\$aBATCH-UPD$b00$c20160525$lBLL01$h2120
=CAT  \\$aW1703-0316$c20170306$lBLL01$h1823
=CAT  \\$aW1703-0316$c20170307$lBLL01$h1647
=CAT  \\$aIPL-CLA$c20170307$lBLL01$h1823
=CAT  \\$aW1711-1005$c20171206$lBLL01$h1815
=CAT  \\$aBATCH-UPD$b00$c20180219$lBLL01$h1744
=CAT  \\$aW1805-0471$c20180520$lBLL01$h1138
=CAT  \\$aBATCH-UPD$b00$c20181121$lBLL01$h1620
=CAT  \\$aIPL-CLA$c20181231$lBLL01$h1540
=CAT  \\$aR1911-0245$c20191127$lBLL01$h0944
=CAT  \\$aR1911-0245$c20191127$lBLL01$h1045
=CAT  \\$aIPL-CLA$c20191231$lBLL01$h1922
=CAT  \\$a5410$b40$c20230119$lBLL01$h1503
=CFI  0\$aCurrent Copyright Fee: GBP39.00$c35\0$e01-jan-2020$fGBP39.00$g0$hP$5Uk
=CFI  2\$aPrevious copyright fee: GBP28.00$c35\0$e01-jan-2019$fGBP28.00$g0$hP$5Uk
=EST  \\$a1
=FFP  \\$aY$bBLDSS-3PM
=FIN  \\$aY
=LEO  \\$aMP10.0000630424
=LKR  \\$aPAR$b009201598$lBLL01$r776$mHemodialysis international (Online)$nHemodialysis international
=MNI  \\$a1492-7535
=SID  \\$aZ39$bOCLC
=SRC  \\$aDSS01$bbibmp10.200404.2.aa
=TCO  \\$aCAN$bAccess$c008
=TOC  \\$aETOC
=UNO  \\$aY
=ACF  \\$aCurrent copyright fee: GBP13.00$c10\0$e01-apr-2003$fGBP13.00$g0$hP$5Uk
=ACF  \\$aCurrent copyright fee: GBP13.00$c10\6$e27-mar-2003$fGBP13.00$g0$hP$5Uk
=ACF  \\$aPrevious copyright fee: GBP15.00$c10\0$e01-apr-2004$fGBP15.00$g0$hP$5Uk
=ACF  \\$aPrevious copyright fee: GBP22.00$c10\0$e01-jan-2006$fGBP22.00$g0$hP$5Uk
=ACF  \\$aPrevious copyright fee: GBP24.00$c10\0$e01-mar-2015$fGBP24.00$g0$hP$5Uk
=ACF  \\$aPrevious copyright fee: GBP24.00$c35\0$e07-mar-2017$fGBP24.00$g0$hP$5Uk
=LAS  \\$a5410$b40$c20230119$lBLL01$h1503

