=LDR  04821cas a2201129 a 4500
=001  012433166
=003  Uk
=005  20230511162829.0
=006  m\\\\\o\\d\\\\\\\\
=007  cr\cnu||||||||
=008  980423c19389999enkqr\pso\\\\\0\\\a0eng\c
=FMT  \\$a  SE
=010  \\$a2002212905
=015  \\$aGBB350434$2bnb
=019  c\$a102078847
=022  0\$a1540-6563$y0018-2370$21
=035  \\$a(OCoLC)39003889$z(OCoLC)50593222
=037  \\$aISSN_00182370_21$bPortico$nTaylor & Francis
=040  \\$aFGA$beng$cFGA$dOCL$dOCLCQ$dNSD$dOCLCQ$dOCL$dOCLCQ$dGUA$dCIT$dDLC$dOCLCQ$dUk
=042  \\$aukblsr
=050  14$aD1
=082  04$a909.08$222
=130  0\$aHistorian (Online)
=222  \4$aThe historian$b(Online)
=245  14$aThe historian$h[electronic resource].
=260  \\$aMalden, Mass. :$bBlackwell Publishers
=260  2\$3<June 2011>-2019$aMalden, MA :$bJohn Wiley & Sons
=264  31$32020-$a[Milton Park, Oxfordshire] :$bRoutledge/Taylor & Francis Group
=310  \\$aQuarterly
=336  \\$atext$2rdacontent
=337  \\$acomputer$2rdamedia
=338  \\$aonline resource$2rdacarrier
=362  1\$aPrint began with v. 1, published in 1938.
=550  \\$aPublished on behalf of Phi Alpha Theta History Honor Society.
=588  \\$aDescription based on: Vol. 59, issue 3 (Mar. 1997); title from contents screen (Blackwell Synergy, viewed Nov. 5, 2007).
=588  \\$aLatest issue consulted: Vol. 82, issue 1, 1-2(2020) (T&F Online website, viewed 16 September 2020).
=538  \\$aMode of access: World Wide Web.
=540  \\$aCurrent copyright fee: GBP34.00$c02\0$5Uk
=650  \0$aHistory$vPeriodicals.
=710  2\$aPhi Alpha Theta.
=776  08$iPrint version:$tHistorian$x0018-2370
=859  \\$aELD$bejournal
=856  \\$31850-9999$uhttp://onlinelibrary.wiley.com/$xBLDSS
=852  41$aBritish Library$bDSC$j4316.074000$3Volume 49:Issue 1(1986)-Volume 81:Issue 4(2019)***See ESTAR for full holdings.
=852  41$aBritish Library$bHMNTS$jELD Digital store$3Volume 75:Issue 1(2013)-
=945  \\$aHistorian -Albuquerque then Allentown-
=959  \\$fHeld but not currently received
=985  \\$aCorrected by MS generated file for WR# 12.018
=985  \\$aPublisher details amended during Covid 2020/WFH.
=CAT  \\$aCONV$b00$c20040425$lBLL90$h0713
=CAT  \\$aBLDSS-3PM$b00$c20141214$lBLL01$h1521
=CAT  \\$aBATCH-UPD$b00$c20150215$lBLL01$h1623
=CAT  \\$aIPL-CLA$c20150228$lBLL01$h2046
=CAT  \\$aCDS15-UPD$b40$c20150918$lBLL01$h1639
=CAT  \\$aBATCH-UPD$b40$c20160624$lBLL01$h1549
=CAT  \\$aW1703-0316$c20170306$lBLL01$h1823
=CAT  \\$aW1703-0316$c20170307$lBLL01$h1647
=CAT  \\$aIPL-CLA$c20170307$lBLL01$h1823
=CAT  \\$aW1711-1005$c20171206$lBLL01$h1815
=CAT  \\$aBATCH-UPD$b00$c20180219$lBLL01$h1744
=CAT  \\$a6558$b40$c20180628$lBLL01$h1421
=CAT  \\$a6558$b40$c20180628$lBLL01$h1422
=CAT  \\$aBATCH-UPD$b40$c20181121$lBLL01$h1620
=CAT  \\$aIPL-CLA$c20181231$lBLL01$h1540
=CAT  \\$a11450$b40$c20191108$lBLL01$h1438
=CAT  \\$a12654$b40$c20200121$lBLL01$h1409
=CAT  \\$a12654$b40$c20200121$lBLL01$h1417
=CAT  \\$a12654$b40$c20200121$lBLL01$h1432
=CAT  \\$a8055$b40$c20200122$lBLL01$h1400
=CAT  \\$a15001$b40$c20200122$lBLL01$h1610
=CAT  \\$a14586$b40$c20200220$lBLL01$h1102
=CAT  \\$a14586$b40$c20200623$lBLL01$h1042
=CAT  \\$a11315$b40$c20200916$lBLL01$h1435
=CAT  \\$a8483$b40$c20210121$lBLL01$h1438
=CAT  \\$aBATCH-FIX$c20230511$lBLL01$h1628
=CFI  0\$aCurrent copyright fee: GBP34.00$c02\0$e22-jan-2020$fGBP34.00$g0$hP$5Uk
=CFI  2\$aPrevious copyright fee: GBP28.00$c35\0$e01-jan-2019$fGBP28.00$g0$hP$5Uk
=EST  \\$a1
=FFP  \\$aY$bBLDSS-3PM
=FIN  \\$aY
=LEO  \\$aMP10.0000630436
=LKR  \\$aPAR$b009203557$lBLL01$r776$mThe historian (Online)$nThe Historian (Print)
=MNI  \\$a0018-2370
=SID  \\$aZ39$bOCLC
=SRC  \\$aDSS01$bbibmp10.200404.2.aa
=TCO  \\$aTRS$bCCC$c008
=TOC  \\$aETOC
=UNO  \\$aY
=ACF  \\$aPrevious copyright fee: GBP24.00$c35\0$e07-mar-2017$fGBP24.00$g0$hP$5Uk
=ACF  \\$aPrevious copyright fee: GBP16.00$c10\0$e01-jan-2006$fGBP16.00$g0$hP$5Uk
=ACF  \\$aPrevious copyright fee: GBP15.00$c10\0$e01-apr-2004$fGBP15.00$g0$hP$5Uk
=ACF  \\$aCurrent copyright fee: GBP13.00$c10\0$e01-apr-2003$fGBP13.00$g0$hP$5Uk
=ACF  \\$aCurrent copyright fee: GBP13.00$c10\2$e02-dec-2002$fGBP13.00$g0$hP$5Uk
=ACF  \\$aPrevious copyright fee: GBP17.00$c10\0$e01-jan-2009$fGBP17.00$g0$hP$5Uk
=ACF  \\$aPrevious copyright fee: GBP22.00$c10\0$e01-jan-2011$fGBP22.00$g0$hP$5Uk
=ACF  \\$aPrevious copyright fee: GBP24.00$c10\0$e01-mar-2015$fGBP24.00$g0$hP$5Uk
=LAS  \\$aBATCH-FIX$b00$c20230511$lBLL01$h1628

