=LDR  04626cas a2201129 a 4500
=001  012433400
=003  Uk
=005  20221223124903.0
=006  m\\\\fo\\d\\\\\\\\
=007  cr\un|||||||||
=008  010419c20019999at\mr\pso\\\\\0\\\\0eng\c
=FMT  \\$a  SE
=010  \\$a2001242090
=015  \\$aGBB350467$2bnb
=019  c\$a102599277
=022  1\$a1445-5994$l1444-0903
=035  \\$a(OCoLC)46781300$z(OCoLC)47197403
=037  \\$aISSN_14440903$bPortico$nWiley
=040  \\$aMYG$cMYG$dOCLCQ$dF#A$dOCLCQ$dSERSO$dOCLCQ$dUQ1$dOCLCQ$dUk
=042  \\$aukblsr
=050  14$aR99$b.I58
=082  04$a616$223
=130  0\$aInternal medicine journal (Online)
=222  \0$aInternal medicine journal$b(Online)
=245  10$aInternal medicine journal$h[electronic resource].
=260  \\$a[Carlton, Vic.] :$bBlackwell Science,$c2001-
=310  \\$aMonthly
=336  \\$atext$2rdacontent
=337  \\$acomputer$2rdamedia
=338  \\$aonline resource$2rdacarrier
=362  0\$aVol. 31, issue 1 (Jan. 2001)-
=595  \\$aFORMERLY 1796.888 UP TO VOL. 30, 2000.
=500  \\$aTitle from table of contents page (viewed Apr. 19, 2001).
=530  \\$aAlso issued in print.
=538  \\$aMode of access: World Wide Web.
=550  \\$aOfficial journal of the Royal Australasian College of Physicians.
=540  \\$aCurrent copyright fee: GBP39.00$c35\0$5Uk
=650  \0$aMedicine$vPeriodicals.
=710  2\$aRoyal Australasian College of Physicians.
=776  1\$tInternal medicine journal$x1444-0903
=780  00$tAustralian and New Zealand journal of medicine (Online)
=859  \\$aELD$bejournal
=856  \\$31850-9999$uhttp://onlinelibrary.wiley.com/$xBLDSS
=852  41$aBritish Library$bHMNTS$jELD Digital store$3Volume 43:Issue 1(2013)-
=852  41$aBritish Library$bDSC$j4534.905200$3Volume 8(1978)-Volume 48:Issue 3(2018)***See ESTAR for full holdings.
=945  \\$aINTERNAL MEDICINE JOURNAL.
=959  \\$fHeld but not currently received
=979  \\$aBritish Library$bDSC$j4534.905200
=985  \\$aCorrected by BSS-generated file for WR# 08/157
=985  \\$aCONFERENCE ANALYTIC RECORDS EXIST
=A02  \\$a102599277
=CAT  \\$aCONV$b00$c20040425$lBLL90$h0713
=CAT  \\$a8201$b40$c20130522$lBLL01$h1201
=CAT  \\$aWR13.114$c20130717$lBLL01$h1312
=CAT  \\$aBATCH-PORT$c20130829$lBLL01$h1113
=CAT  \\$aBATCH-CLA$b00$c20140125$lBLL01$h1304
=CAT  \\$aWR14_009$c20140204$lBLL01$h2342
=CAT  \\$aBATCH-CLA$c20140225$lBLL01$h2319
=CAT  \\$aBLDSS-3PM$b00$c20141214$lBLL01$h1521
=CAT  \\$aBATCH-UPD$b00$c20150215$lBLL01$h1623
=CAT  \\$aIPL-CLA$c20150228$lBLL01$h2046
=CAT  \\$aBATCH-UPD$b00$c20160519$lBLL01$h2054
=CAT  \\$aW1703-0316$c20170306$lBLL01$h1823
=CAT  \\$aW1703-0316$c20170307$lBLL01$h1647
=CAT  \\$aIPL-CLA$c20170307$lBLL01$h1823
=CAT  \\$aW1711-1005$c20171206$lBLL01$h1815
=CAT  \\$aBATCH-UPD$b00$c20180219$lBLL01$h1744
=CAT  \\$aW1805-0471$c20180520$lBLL01$h1138
=CAT  \\$aBATCH-UPD$b00$c20181121$lBLL01$h1620
=CAT  \\$aIPL-CLA$c20181231$lBLL01$h1540
=CAT  \\$aR1911-0245$c20191127$lBLL01$h0822
=CAT  \\$aR1911-0245$c20191127$lBLL01$h1045
=CAT  \\$aIPL-CLA$c20191231$lBLL01$h1922
=CAT  \\$aW2111-0842$c20211208$lBLL01$h1942
=CAT  \\$aIPL-CLA$c20211231$lBLL01$h1541
=CAT  \\$a5410$b40$c20221217$lBLL01$h1236
=CAT  \\$a5410$b40$c20221223$lBLL01$h1249
=CFI  0\$aCurrent copyright fee: GBP39.00$c35\0$e01-jan-2022$fGBP39.00$g0$hP$5Uk
=CFI  2\$aPrevious Copyright Fee: GBP32.00$c35\0$e01-jan-2020$fGBP32.00$g0$hP$5Uk
=EST  \\$a1
=FFP  \\$aY$bBLDSS-3PM
=FIN  \\$aY
=LEO  \\$aMP10.0000630670
=LKR  \\$aPAR$b009855224$lBLL01$r776$mInternal medicine journal (Online)$nInternal medicine journal.
=MNI  \\$a1444-0903
=SRC  \\$aDSS01$bbibmp10.200404.2.aa
=TCO  \\$aAUS$bCAL$c008
=TOC  \\$aETOC
=UNO  \\$aY
=ACF  \\$aCurrent copyright fee: GBP13.00$c10\0$e01-apr-2003$fGBP13.00$g0$hP$5Uk
=ACF  \\$aCurrent copyright fee: GBP13.00$c10\3$e01-jan-2002$fGBP13.00$g0$hP$5Uk
=ACF  \\$aPrevious copyright fee: GBP15.00$c10\0$e01-apr-2004$fGBP15.00$g0$hP$5Uk
=ACF  \\$aPrevious copyright fee: GBP22.00$c10\0$e01-jan-2006$fGBP22.00$g0$hP$5Uk
=ACF  \\$aPrevious copyright fee: GBP24.00$c10\0$e01-mar-2015$fGBP24.00$g0$hP$5Uk
=ACF  \\$aPrevious copyright fee: GBP24.00$c35\0$e07-mar-2017$fGBP24.00$g0$hP$5Uk
=ACF  \\$aPrevious copyright fee: GBP28.00$c35\0$e01-jan-2019$fGBP28.00$g0$hP$5Uk
=LAS  \\$a5410$b40$c20221223$lBLL01$h1249

