=LDR  05024cas a2201141 a 4500
=001  012433412
=003  Uk
=005  20211231154158.0
=006  m\\\\fo\\d\\\\\\\\
=007  cr\|||||||||||
=008  040410c19609999xxuqr\pso\\\\\0\\\a0eng\\
=FMT  \\$a  SE
=015  \\$aGBB350367$2bnb
=019  c\$a102085964
=022  \\$a1468-2354$l0020-6598$y0020-6598$21
=037  \\$aISSN_00206598$bPortico$nWiley
=040  \\$aUk$cUk$dUk
=042  \\$aukblsr
=082  04$a330.05$222
=130  0\$aInternational economic review (Online)
=210  0\$aInt. econ. rev.$b(Online)
=222  \0$aInternational economic review$b(Online)
=245  10$aInternational economic review$h[electronic resource].
=260  \\$31960-June 1970 :$aOsaka :$bKansai Economic Federation,$c©1960-
=260  2\$3Oct. 1970-Feb. 1983 :$a[Philadelphia] :$bWharton School of Finance and Commerce, University of Pennsylvania and the Osaka University Institute of Social and Economic Research Association
=260  3\$3June 1983- :$a[Philadelphia] :$bEconomics Dept. of the University of Pennsylvania and the Osaka University Institute of Social and Economic Research Association
=310  \\$aThrice-annual
=336  \\$atext$2rdacontent
=337  \\$acomputer$2rdamedia
=338  \\$aonline resource$2rdacarrier
=362  1\$aBegan with: Vol. 1, no. 1 (Jan. 1960).
=538  \\$aMode of access: World Wide Web.
=540  \\$aCurrent copyright fee: GBP39.00$c35\0$5Uk
=650  \0$aEconomics$vPeriodicals.
=690  7\$aManagement and Business Studies$2blcoll
=710  2\$aWharton School.
=710  2\$aKansai Keizai Rengōkai.
=710  2\$aŌsaka Daigaku.$bShakai Keizai Kenkyūjo.
=710  2\$aŌsaka Daigaku.$bInstitute of Social and Economic Research Association.
=710  2\$aUniversity of Pennsylvania.$bDepartment of Economics.
=776  08$iPrint version:$tInternational economic review$x0020-6598
=859  \\$aELD$bejournal
=856  \\$31850-9999$uhttp://onlinelibrary.wiley.com/$xBLDSS
=852  41$aBritish Library$bHMNTS$jELD Digital store$3Volume 54:Number 1(2013:Feb.)-***Previous issues available in print copy
=852  41$aBritish Library$bDSC$j4539.791000$3feb-2003 VOL 44 PART 1-Volume 52:Issue 4(2011)***See ESTAR for full holdings.
=945  \\$aINTERNATIONAL ECONOMIC REVIEW -UNIVERSITY OF PENNSYLVANIA OSAKA UNIVERSITY ETC-.
=959  \\$fHeld but not currently received
=963  \\$aVOL. 1, 1960- *A=1$bY$cP220.B.71
=985  \\$aCorrected by BSS-generated file for WR# 08/157
=A02  \\$a102085964
=CAT  \\$aCONV$b00$c20040425$lBLL90$h0713
=CAT  \\$a8874$b40$c20130522$lBLL01$h0847
=CAT  \\$aBATCH-CLA$b00$c20130526$lBLL01$h1618
=CAT  \\$aBATCH-MBS$c20130531$lBLL01$h2117
=CAT  \\$aWR13.114$c20130717$lBLL01$h1312
=CAT  \\$aBATCH-PORT$c20130829$lBLL01$h1113
=CAT  \\$aBATCH-CLA$b00$c20140125$lBLL01$h1304
=CAT  \\$aWR14_009$c20140204$lBLL01$h2343
=CAT  \\$aBATCH-CLA$c20140225$lBLL01$h2319
=CAT  \\$aBATCH-UPD$b00$c20141012$lBLL01$h0735
=CAT  \\$aBLDSS-3PM$b00$c20141214$lBLL01$h1521
=CAT  \\$aBATCH-UPD$b00$c20150215$lBLL01$h1623
=CAT  \\$aIPL-CLA$c20150228$lBLL01$h2046
=CAT  \\$aBATCH-UPD$b00$c20160615$lBLL01$h0311
=CAT  \\$aW1703-0316$c20170306$lBLL01$h1823
=CAT  \\$aW1703-0316$c20170307$lBLL01$h1647
=CAT  \\$aIPL-CLA$c20170307$lBLL01$h1823
=CAT  \\$aW1711-1005$c20171206$lBLL01$h1815
=CAT  \\$aBATCH-UPD$b00$c20180219$lBLL01$h1744
=CAT  \\$aBATCH-UPD$b00$c20181121$lBLL01$h1620
=CAT  \\$aIPL-CLA$c20181231$lBLL01$h1540
=CAT  \\$aR1911-0245$c20191127$lBLL01$h0822
=CAT  \\$aR1911-0245$c20191127$lBLL01$h1045
=CAT  \\$aIPL-CLA$c20191231$lBLL01$h1922
=CAT  \\$aW2111-0842$c20211208$lBLL01$h1942
=CAT  \\$aIPL-CLA$c20211231$lBLL01$h1541
=CFI  0\$aCurrent copyright fee: GBP39.00$c35\0$e01-jan-2022$fGBP39.00$g0$hP$5Uk
=CFI  2\$aPrevious Copyright Fee: GBP32.00$c35\0$e01-jan-2020$fGBP32.00$g0$hP$5Uk
=EST  \\$a1
=FFP  \\$aY$bBLDSS-3PM
=FIN  \\$aY
=LEO  \\$aMP10.0000630682
=LEO  \\$aMP22.0000062425
=MNI  \\$a0020-6598
=SRC  \\$aISN01$bbibmp22.200404.2.aa
=SRC  \\$aDSS01$bbibmp10.200404.2.aa
=TCO  \\$aJPN$bJAACC$c008
=TCO  \\$aTRS$bCCC$c008
=TOC  \\$aETOC
=UNO  \\$aY
=ACF  \\$aCurrent copyright fee: GBP13.00$c10\0$e01-apr-2003$fGBP13.00$g0$hP$5Uk
=ACF  \\$aCurrent copyright fee: GBP13.00$c10\6$e01-apr-2002$fGBP13.00$g0$hP$5Uk
=ACF  \\$aPrevious copyright fee: GBP15.00$c10\0$e01-apr-2004$fGBP15.00$g0$hP$5Uk
=ACF  \\$aPrevious copyright fee: GBP22.00$c10\0$e01-jan-2006$fGBP22.00$g0$hP$5Uk
=ACF  \\$aPrevious copyright fee: GBP24.00$c10\0$e01-mar-2015$fGBP24.00$g0$hP$5Uk
=ACF  \\$aPrevious copyright fee: GBP24.00$c35\0$e07-mar-2017$fGBP24.00$g0$hP$5Uk
=ACF  \\$aPrevious copyright fee: GBP28.00$c35\0$e01-jan-2019$fGBP28.00$g0$hP$5Uk
=LAS  \\$aIPL-CLA$b00$c20211231$lBLL01$h1541

