=LDR  04440cas a2201057 a 4500
=001  012433500
=003  Uk
=005  20211207120725.0
=006  m\\\\\o\\d\\\\\\\\
=007  cr\cnu||||||||
=008  040410c19919999enkfr\pso\\\\\0\\\a0eng\\
=FMT  \\$a  SE
=015  \\$aGBB349054$2bnb
=019  c\$a102444756
=022  0\$a1095-9270$l1057-2414$y1057-2414$21
=037  3\$aISSN_10572414_21$bPortico$nTaylor & francis
=037  \\$aISSN_10572414_2$bPortico$nWiley
=040  \\$aUk$cUk$dUk
=042  \\$aukblsr
=082  04$a930.102804$222
=130  0\$aInternational journal of nautical archaeology (Online)
=210  0\$aInt. j. naut. archaeol.$b(Online)
=222  \0$aInternational journal of nautical archaeology$b(Online)
=245  14$aThe international journal of nautical archaeology$h[electronic resource].
=260  \\$aLondon :$bPublished for the Nautical Archaeology Society by Academic Press
=310  \\$aQuarterly
=336  \\$atext$2rdacontent
=337  \\$acomputer$2rdamedia
=338  \\$aonline resource$2rdacarrier
=362  1\$aPrint began with vol. 20, no. 1 (Feb. 1991).
=530  \\$aAlso issued in print.
=538  \\$aMode of access: World Wide Web.
=595  \\$aFORMERLY 4542.371 UP TO VOL. 19, 1990 SEE ALSO 4542.371 FOR SML HOLDINGS.
=540  \\$aCurrent Copyright Fee: GBP32.00$c35\0$5Uk
=650  \0$aUnderwater archaeology$vPeriodicals.
=710  2\$aNautical Archaeology Society.
=776  1\$tInternational journal of nautical archaeology (Print)$x1057-2414
=859  \\$aELD$bejournal
=856  \\$31850-9999$uhttp://onlinelibrary.wiley.com/$xBLDSS
=852  41$aBritish Library$bHMNTS$jELD Digital store$3Volume 42:Number 1(2013:Mar.)-***Previous issues available in print copy
=852  41$aBritish Library$bDSC$j4542.370000$3Volume 24:Issue 1(1995)-Volume 43:Issue 2(2014)***See ESTAR for full holdings.
=945  \\$aINTERNATIONAL JOURNAL OF NAUTICAL ARCHAEOLOGY.
=959  \\$fHeld but not currently received
=963  \\$aVOL. 20, 1991- *A=1$bY$cP423.B.21
=985  \\$aCorrected by MS generated file for WR# 12.018
=985  \\$aCONFERENCE ANALYTIC RECORDS EXIST
=A02  \\$a102444756
=CAT  \\$aCONV$b00$c20040425$lBLL90$h0713
=CAT  \\$aWR13.005$c20130323$lBLL01$h1510
=CAT  \\$a8874$b40$c20130520$lBLL01$h0946
=CAT  \\$a8874$b40$c20130520$lBLL01$h0948
=CAT  \\$aWR13.114$c20130717$lBLL01$h1312
=CAT  \\$aBATCH-PORT$c20130829$lBLL01$h1114
=CAT  \\$aBATCH-CLA$b00$c20140125$lBLL01$h1304
=CAT  \\$aWR14_009$c20140204$lBLL01$h2343
=CAT  \\$aBATCH-CLA$c20140225$lBLL01$h2319
=CAT  \\$aBLDSS-3PM$b00$c20141214$lBLL01$h1521
=CAT  \\$a10934$b40$c20150121$lBLL01$h0827
=CAT  \\$aBATCH-UPD$b40$c20150215$lBLL01$h1623
=CAT  \\$aIPL-CLA$c20150228$lBLL01$h2046
=CAT  \\$aCDS15-UPD$b40$c20150918$lBLL01$h1639
=CAT  \\$aBATCH-UPD$b40$c20160901$lBLL01$h0919
=CAT  \\$aW1703-0316$c20170306$lBLL01$h1823
=CAT  \\$aW1703-0316$c20170307$lBLL01$h1647
=CAT  \\$aIPL-CLA$c20170307$lBLL01$h1823
=CAT  \\$aW1711-1005$c20171206$lBLL01$h1815
=CAT  \\$aBATCH-UPD$b00$c20180219$lBLL01$h1744
=CAT  \\$aBATCH-UPD$b00$c20181121$lBLL01$h1620
=CAT  \\$aIPL-CLA$c20181231$lBLL01$h1540
=CAT  \\$aR1911-0245$c20191127$lBLL01$h0822
=CAT  \\$aR1911-0245$c20191127$lBLL01$h1045
=CAT  \\$aIPL-CLA$c20191231$lBLL01$h1922
=CAT  \\$a15190$b40$c20211207$lBLL01$h1207
=CFI  0\$aCurrent Copyright Fee: GBP32.00$c35\0$e01-jan-2020$fGBP32.00$g0$hP$5Uk
=CFI  2\$aPrevious copyright fee: GBP28.00$c35\0$e01-jan-2019$fGBP28.00$g0$hP$5Uk
=EST  \\$a1
=FFP  \\$aY$bBLDSS-3PM
=FIN  \\$aY
=LEO  \\$aMP10.0000630770
=MNI  \\$a1057-2414
=SRC  \\$aDSS01$bbibmp10.200404.2.aa
=TCO  \\$aCLA$bCLA$c008
=TOC  \\$aETOC
=UNO  \\$aY
=ACF  \\$aCurrent copyright fee: GBP20.00$c5\9$e01-jan-2003$fGBP20.00$g0$hP$5Uk
=ACF  \\$aCurrent copyright fee: GBP22.50$c0$e01-jul-2002$fGBP22.50$g0$hC$5Uk
=ACF  \\$aPrevious copyright fee: GBP15.00$c10\0$e01-jan-2004$fGBP15.00$g0$hP$5Uk
=ACF  \\$aPrevious copyright fee: GBP22.00$c10\0$e01-jan-2006$fGBP22.00$g0$hP$5Uk
=ACF  \\$aPrevious copyright fee: GBP24.00$c10\0$e01-mar-2015$fGBP24.00$g0$hP$5Uk
=ACF  \\$aPrevious copyright fee: GBP24.00$c35\0$e07-mar-2017$fGBP24.00$g0$hP$5Uk
=LAS  \\$a15190$b40$c20211207$lBLL01$h1207

