=LDR  06087cas a2201285 a 4500
=001  012433564
=003  Uk
=005  20221231144434.0
=006  m\\\\\o\\d\\\\\\\\
=007  cr\unu||||||||
=008  040410c19559999ne\br\p\o\\\\\0\\\a0eng\\
=FMT  \\$a  SE
=019  c\$a102086800
=022  \\$a1573-0638
=037  \\$a???$bSpringer
=040  \\$aUk$cUk$dUk
=042  \\$aukblsr
=082  04$a370.5$222
=130  0\$aInternational review of education (Online)
=245  10$aInternational review of education$h[electronic resource] =$bInternationale Zeitschrift fèur Erziehungswissenschaft = Revue internationale de pâedagogie.
=246  31$aInternationale Zeitschrift fèur Erziehungswissenschaft
=246  31$aRevue internationale de pâedagogie
=260  \\$aDordrecht [etc.] :$bKluwer Academic Publishers [etc.]
=310  \\$aSix no. a year,$b<1992->
=336  \\$atext$2rdacontent
=337  \\$acomputer$2rdamedia
=338  \\$aonline resource$2rdacarrier
=362  1\$aPrint version began with vol. 1- 1955.
=530  \\$aAlso issued in print.
=546  \\$aEnglish, French, and German.
=538  \\$aMode of access: World Wide Web.
=550  \\$a"Edited on behalf of the Unesco Institute for Education, Hamburg."
=595  \\$aSEE ALSO 4539.860 UP TO 1948/1949 SEE ALSO SERIAL RECORDS BOD DFE AND SCE.
=540  \\$aCurrent copyright fee: GBP29.95$c22\1$5Uk
=650  \0$aEducation$vPeriodicals.
=655  \0$aElectronic journals.
=710  2\$aUnesco Institute for Education.
=776  1\$tInternational review of education$x0020-8566
=859  \\$aELD$bejournal
=856  \\$31850-9999$uhttp://www.springer.com/gb/$xBLDSS
=852  41$aBritish Library$bDSC$j4547.100000$3Volume 46:Issue 1/2(2000)-***See ESTAR for full holdings.
=852  41$aBritish Library$bHMNTS$jELD Digital store$3Volume 64:Issue 2(2018)-
=945  \\$aINTERNATIONAL REVIEW OF EDUCATION.
=959  \\$fCurrently received
=963  \\$aCA/U91 VOL. 1, 1955- *A=1$bY
=985  \\$aCorrected by BSS-generated file for WR# 08/157
=A02  \\$a102086800
=CAT  \\$aCONV$b00$c20040425$lBLL90$h0713
=CAT  \\$aBATCH-UPD$b00$c20150219$lBLL01$h1643
=CAT  \\$aCDS15-UPD$b40$c20150313$lBLL01$h1909
=CAT  \\$aIPL-CLA$c20150331$lBLL01$h1634
=CAT  \\$aBATCH-UPD$b00$c20150520$lBLL01$h1701
=CAT  \\$aIPL-CLA$c20150630$lBLL01$h1643
=CAT  \\$aBATCH-UPD$b00$c20150820$lBLL01$h1751
=CAT  \\$aIPL-CLA$c20150930$lBLL01$h1800
=CAT  \\$aBATCH-UPD$b00$c20160217$lBLL01$h1637
=CAT  \\$aIPL-CLA$c20160331$lBLL01$h1721
=CAT  \\$aBATCH-UPD$b00$c20160524$lBLL01$h2156
=CAT  \\$aBATCH-UPD$b00$c20160524$lBLL01$h2245
=CAT  \\$aBATCH-UPD$b00$c20160824$lBLL01$h1714
=CAT  \\$aIPL-CLA$c20160930$lBLL01$h1559
=CAT  \\$aBATCH-UPD$b00$c20170216$lBLL01$h1801
=CAT  \\$aIPL-CLA$c20170331$lBLL01$h1841
=CAT  \\$aBATCH-UPD$b00$c20170904$lBLL01$h1803
=CAT  \\$aIPL-CLA$c20170929$lBLL01$h1725
=CAT  \\$aBATCH-UPD$b00$c20180223$lBLL01$h1618
=CAT  \\$a6558$b40$c20180322$lBLL01$h1446
=CAT  \\$aIPL-CLA$c20180331$lBLL01$h1615
=CAT  \\$aBATCH-UPD$b00$c20180524$lBLL01$h1652
=CAT  \\$aIPL-CLA$c20180630$lBLL01$h1914
=CAT  \\$a15190$b40$c20201217$lBLL01$h1141
=CAT  \\$aBATCH-UPD$b40$c20221121$lBLL01$h1359
=CAT  \\$aIPL-CLA$c20221231$lBLL01$h1444
=CFI  0\$aCurrent copyright fee: GBP29.95$c22\1$e01-jan-2023$fGBP29.95$g0$hP$5Uk
=CFI  2\$aPrevious copyright fee: GBP34.00$c22\1$e01-jul-2018$fGBP34.00$g0$hP$5Uk
=EST  \\$a1
=FFP  \\$aY$bBLDSS-3PM
=FIN  \\$aY
=LEO  \\$aMP10.0000630834
=LKR  \\$aPAR$b009859790$lBLL01$r7761$mInternational review of education (Online)$nInternational review of education
=MNI  \\$a0020-8566
=SRC  \\$aDSS01$bbibmp10.200404.2.aa
=TCO  \\$aNLD$bSTICHTING REPRORECHT$c008
=TOC  \\$aETOC
=UNO  \\$aY
=ACF  \\$aPrevious copyright fee: GBP21.25$c13\1$e01-jan-2009$fGBP21.25$g0$hP$5Uk
=ACF  \\$aPrevious copyright fee: GBP16.75$c13\1$e01-jan-2007$fGBP16.75$g0$hP$5Uk
=ACF  \\$aPrevious copyright fee: GBP16.22$c13\1$e01-oct-2006$fGBP16.22$g0$hP$5Uk
=ACF  \\$aPrevious copyright fee: GBP17.14$c13\1$e01-apr-2006$fGBP17.14$g0$hP$5Uk
=ACF  \\$aPrevious copyright fee: GBP16.67$c13\1$e01-jan-2006$fGBP16.67$g0$hP$5Uk
=ACF  \\$aPrevious copyright fee: GBP16.22$c13\1$e01-apr-2005$fGBP16.22$g0$hP$5Uk
=ACF  \\$aPrevious copyright fee: GBP16.67$c13\1$e01-jan-2005$fGBP16.67$g0$hP$5Uk
=ACF  \\$aPrevious copyright fee: GBP13.51$c13\1$e01-apr-2004$fGBP13.51$g0$hP$5Uk
=ACF  \\$aCurrent copyright fee: GBP14.71$c13\1$e01-jan-2004$fGBP14.71$g0$hP$5Uk
=ACF  \\$aCurrent copyright fee: GBP15.63$c13\1$e01-jan-2003$fGBP15.63$g0$hP$5Uk
=ACF  \\$aPrevious copyright fee: GBP22.00$c13\1$e01-apr-2009$fGBP22.00$g0$hP$5Uk
=ACF  \\$aPrevious copyright fee: GBP22.00$c13\1$e12-aug-2012$fGBP22.00$g0$hP$5Uk
=ACF  \\$aPrevious copyright fee: GBP25.00$c13\1$e01-jan-2013$fGBP25.00$g0$hP$5Uk
=ACF  \\$aPrevious copyright fee: GBP25.77$c13\1$e01-jul-2013$fGBP25.77$g0$hP$5Uk
=ACF  \\$aPrevious copyright fee: GBP24.97$c13\1$e01-jan-2014$fGBP24.97$g0$hP$5Uk
=ACF  \\$aPrevious copyright fee: GBP24.21$c13\1$e01-jul-2014$fGBP24.21$g0$hP$5Uk
=ACF  \\$aPrevious copyright fee: GBP25.77$c13\1$e01-apr-2015$fGBP25.77$g0$hP$5Uk
=ACF  \\$aPrevious copyright fee: GBP26.63$c13\1$e01-jul-2015$fGBP26.63$g0$hP$5Uk
=ACF  \\$aPrevious copyright fee: GBP25.77$c13\1$e01-oct-2015$fGBP25.77$g0$hP$5Uk
=ACF  \\$aPrevious copyright fee: GBP27.55$c13\1$e01-apr-2016$fGBP27.55$g0$hP$5Uk
=ACF  \\$aPrevious copyright fee: GBP29.59$c13\1$e01-oct-2016$fGBP29.59$g0$hP$5Uk
=ACF  \\$aPrevious copyright fee: GBP31.96$c13\1$e01-apr-2017$fGBP31.96$g0$hP$5Uk
=ACF  \\$aPrevious copyright fee: GBP30.73$c13\1$e01-oct-2017$fGBP30.73$g0$hP$5Uk
=ACF  \\$aPrevious copyright fee: GBP28.54$c13\1$e01-apr-2018$fGBP28.54$g0$hP$5Uk
=LAS  \\$aIPL-CLA$b00$c20221231$lBLL01$h1444

