=LDR  04306cas a2201057 a 4500
=001  012433663
=003  Uk
=005  20230810145400.0
=006  m\\\\fo\\d\\\\\\\\
=007  cr\un|||||||||
=008  040410c19859999gw\br\pso\\\\\0\\\a0eng\\
=FMT  \\$a  SE
=015  \\$aGBB351278$2bnb
=019  c\$a102270579
=022  \\$a1439-0426$l0175-8659$y0175-8659
=037  3\$aISSN_14390426_33$bPortico$nHindawi
=037  \\$aISSN_01758659$bPortico$nWiley
=040  \\$aUk$cUk$dUk
=042  \\$aukblsr
=082  04$a597$222
=130  0\$aJournal of applied ichthyology (Online)
=210  0\$aJ. appl. ichthyol.$b(Internet)
=222  \0$aJournal of applied ichthyology$b(Internet)
=245  10$aJournal of applied ichthyology$h[electronic resource] =$bZeitschrift für angewandte Ichthyology.
=246  31$aZeitschrift für angewandte Ichthyology
=260  \\$a[Berlin, Germany] :$bBlackwell Wissenschafts-Verlag
=310  \\$aBi-monthly
=336  \\$atext$2rdacontent
=337  \\$acomputer$2rdamedia
=338  \\$aonline resource$2rdacarrier
=362  1\$aPrint began with vol. 1, 1 (Mai 1985).
=515  \\$aSome issues combined.
=538  \\$aMode of access: World Wide Web.
=540  \\$aCurrent Copyright Fee: GBP32.00$c35\0$5Uk
=650  \0$aFishes$vPeriodicals.
=650  \0$aFish culture$vPeriodicals.
=650  \0$aFisheries$vPeriodicals.
=650  \0$aIchthyology$vPeriodicals.
=776  0\$tJournal of applied ichthyology$x0175-8659
=859  \\$aELD$bejournal
=856  \\$31850-9999$uhttp://onlinelibrary.wiley.com/$xBLDSS
=852  41$aBritish Library$bSTI$jELD Digital store$3Volume 29:Number 1(2013:Feb.)-***Previous issues available in print copy
=852  41$aBritish Library$bDSC$j4942.620000$3mar-2000 VOL 16 PART 1-Volume 27:Issue 6(2011)***See ESTAR for full holdings.
=945  \\$aJournal of applied ichthyology
=959  \\$fHeld but not currently received
=985  \\$aCorrected by MS generated file for WR# 12.018
=985  \\$aCONFERENCE ANALYTIC &RECORDS EXIST
=CAT  \\$aCONV$b00$c20040425$lBLL90$h0713
=CAT  \\$aBATCH-CLA$b00$c20121109$lBLL01$h1734
=CAT  \\$aWR12_168$c20121206$lBLL01$h1814
=CAT  \\$a8874$b40$c20130528$lBLL01$h1119
=CAT  \\$a8874$b40$c20130528$lBLL01$h1120
=CAT  \\$aWR13.114$c20130717$lBLL01$h1312
=CAT  \\$aBATCH-PORT$c20130829$lBLL01$h1113
=CAT  \\$aBATCH-CLA$b00$c20140125$lBLL01$h1306
=CAT  \\$aWR14_009$c20140204$lBLL01$h2342
=CAT  \\$aBATCH-CLA$c20140225$lBLL01$h2319
=CAT  \\$a10997$b40$c20141016$lBLL01$h1141
=CAT  \\$aBLDSS-3PM$b00$c20141214$lBLL01$h1521
=CAT  \\$aBATCH-UPD$b00$c20150215$lBLL01$h1623
=CAT  \\$aIPL-CLA$c20150228$lBLL01$h2046
=CAT  \\$aBATCH-UPD$b00$c20160624$lBLL01$h1632
=CAT  \\$aW1703-0316$c20170306$lBLL01$h1823
=CAT  \\$aW1703-0316$c20170307$lBLL01$h1647
=CAT  \\$aIPL-CLA$c20170307$lBLL01$h1823
=CAT  \\$aW1711-1005$c20171206$lBLL01$h1815
=CAT  \\$aBATCH-UPD$b00$c20180219$lBLL01$h1745
=CAT  \\$aBATCH-UPD$b00$c20181121$lBLL01$h1620
=CAT  \\$aIPL-CLA$c20181231$lBLL01$h1540
=CAT  \\$aR1911-0245$c20191127$lBLL01$h0822
=CAT  \\$aR1911-0245$c20191127$lBLL01$h1045
=CAT  \\$aIPL-CLA$c20191231$lBLL01$h1922
=CAT  \\$a15190$b40$c20230810$lBLL01$h1454
=CFI  0\$aCurrent Copyright Fee: GBP32.00$c35\0$e01-jan-2020$fGBP32.00$g0$hP$5Uk
=CFI  2\$aPrevious copyright fee: GBP28.00$c35\0$e01-jan-2019$fGBP28.00$g0$hP$5Uk
=EST  \\$a1
=FFP  \\$aY$bBLDSS-3PM
=FIN  \\$aY
=LEO  \\$aMP10.0000630933
=MNI  \\$a0175-8659
=SRC  \\$aDSS01$bbibmp10.200404.2.aa
=TCO  \\$aDEU$bVG WORT$c008
=TOC  \\$aETOC
=UNO  \\$aY
=ACF  \\$aCurrent copyright fee: GBP13.00$c10\0$e01-apr-2003$fGBP13.00$g0$hP$5Uk
=ACF  \\$aCurrent copyright fee: GBP13.00$c10\1$e01-jan-2002$fGBP13.00$g0$hP$5Uk
=ACF  \\$aPrevious copyright fee: GBP15.00$c10\0$e01-apr-2004$fGBP15.00$g0$hP$5Uk
=ACF  \\$aPrevious copyright fee: GBP22.00$c10\0$e01-jan-2006$fGBP22.00$g0$hP$5Uk
=ACF  \\$aPrevious copyright fee: GBP24.00$c10\0$e01-mar-2015$fGBP24.00$g0$hP$5Uk
=ACF  \\$aPrevious copyright fee: GBP24.00$c35\0$e07-mar-2017$fGBP24.00$g0$hP$5Uk
=LAS  \\$a15190$b40$c20230810$lBLL01$h1454

