=LDR  05764cas a2201273 a 4500
=001  012433692
=003  Uk
=005  20221231144435.0
=006  m\\\\\o\\d\\\\\\\\
=007  cr\anu||||||||
=008  040410c19999999ne\tr\pso\\\\\0\\\a0eng\\
=FMT  \\$a  SE
=019  c\$a102571261
=019  0\$as666815003
=022  \\$a1573-6989$l1387-6996$y1387-6996$2j
=037  \\$a???$bSpringer
=040  \\$aUk$cUk$dUk
=082  04$a330$222
=130  0\$aJournal of bioeconomics (Online)
=222  \0$aJournal of bioeconomics$b(Dordrecht. Online)
=245  10$aJournal of bioeconomics$h[electronic resource].
=260  \\$aDordrecht, the Netherlands :$bKluwer Academic Publishers,$c1999-
=310  \\$aThrice-annual
=336  \\$atext$2rdacontent
=337  \\$acomputer$2rdamedia
=338  \\$aonline resource$2rdacarrier
=362  0\$aVol. 1, no. 1-
=500  \\$aTitle from journal home page (viewed Apr. 1, 2002).
=530  \\$aAlso issued in print.
=538  \\$aMode of access: World Wide Web.
=595  \\$aSEE ALSO CARD INDEX.
=540  \\$aCurrent copyright fee: GBP29.95$c22\1$5Uk
=650  \0$aBiology$vPeriodicals.
=650  \0$aEconomics$vPeriodicals.
=690  7\$aManagement and Business Studies$2blcoll
=776  1\$tJournal of bioeconomics$x1387-6996
=859  \\$aELD$bejournal
=856  \\$31850-9999$uhttp://www.springer.com/gb/$xBLDSS
=852  41$aBritish Library$bDSC$j4952.415000$3Volume 1:Issue 3(1999)-Volume 16:Issue 3(2014)***See ESTAR for full holdings.
=852  41$aBritish Library$bHMNTS$jELD Digital store$3Volume 20:Issue 1(2018)-
=945  \\$aJOURNAL OF BIOECONOMICS.
=959  \\$fHeld but not currently received
=985  \\$aCorrected by BSS-generated file for WR# 08/157
=985  \\$aCorrected by MS generated file for WR# 12.018
=A02  \\$a102571261
=CAT  \\$aCONV$b00$c20040425$lBLL90$h0713
=CAT  \\$aBLDSS-3PM$b00$c20150103$lBLL01$h1043
=CAT  \\$aBATCH-UPD$b00$c20150219$lBLL01$h1940
=CAT  \\$aCDS15-UPD$b40$c20150313$lBLL01$h1910
=CAT  \\$aIPL-CLA$c20150331$lBLL01$h1634
=CAT  \\$aBATCH-UPD$b00$c20150520$lBLL01$h1933
=CAT  \\$aIPL-CLA$c20150630$lBLL01$h1643
=CAT  \\$aBATCH-UPD$b00$c20150820$lBLL01$h2002
=CAT  \\$aIPL-CLA$c20150930$lBLL01$h1800
=CAT  \\$aBATCH-UPD$b00$c20160217$lBLL01$h1900
=CAT  \\$aIPL-CLA$c20160331$lBLL01$h1721
=CAT  \\$aBATCH-UPD$b00$c20160524$lBLL01$h2156
=CAT  \\$aBATCH-UPD$b00$c20160524$lBLL01$h2245
=CAT  \\$aBATCH-UPD$b00$c20160824$lBLL01$h1921
=CAT  \\$aIPL-CLA$c20160930$lBLL01$h1559
=CAT  \\$aBATCH-UPD$b00$c20170216$lBLL01$h2008
=CAT  \\$aIPL-CLA$c20170331$lBLL01$h1841
=CAT  \\$aBATCH-UPD$b00$c20170904$lBLL01$h2040
=CAT  \\$aIPL-CLA$c20170929$lBLL01$h1725
=CAT  \\$aBATCH-UPD$b00$c20180223$lBLL01$h1938
=CAT  \\$aIPL-CLA$c20180331$lBLL01$h1615
=CAT  \\$aBATCH-UPD$b00$c20180524$lBLL01$h1812
=CAT  \\$aIPL-CLA$c20180630$lBLL01$h1914
=CAT  \\$a15190$b40$c20210127$lBLL01$h1120
=CAT  \\$aBATCH-UPD$b40$c20221121$lBLL01$h1359
=CAT  \\$aIPL-CLA$c20221231$lBLL01$h1444
=CFI  0\$aCurrent copyright fee: GBP29.95$c22\1$e01-jan-2023$fGBP29.95$g0$hP$5Uk
=CFI  2\$aPrevious copyright fee: GBP34.00$c22\1$e01-jul-2018$fGBP34.00$g0$hP$5Uk
=EST  \\$a1
=FFP  \\$aY$bBLDSS-3PM
=FIN  \\$aY
=LEO  \\$aMP10.0000630962
=LEO  \\$aMP25.0000347825
=MNI  \\$a1387-6996
=SRC  \\$aSRI01$bbibmp25.200404.2.aa
=SRC  \\$aDSS01$bbibmp10.200404.2.aa
=TCO  \\$aNLD$bSTICHTING REPRORECHT$c008
=TOC  \\$aETOC
=UNO  \\$aY
=ACF  \\$aPrevious copyright fee: GBP21.25$c4\5$e01-jan-2009$fGBP21.25$g0$hP$5Uk
=ACF  \\$aPrevious copyright fee: GBP16.75$c4\5$e01-jan-2007$fGBP16.75$g0$hP$5Uk
=ACF  \\$aPrevious copyright fee: GBP16.22$c4\5$e01-oct-2006$fGBP16.22$g0$hP$5Uk
=ACF  \\$aPrevious copyright fee: GBP17.14$c4\5$e01-apr-2006$fGBP17.14$g0$hP$5Uk
=ACF  \\$aPrevious copyright fee: GBP16.67$c4\5$e01-jan-2006$fGBP16.67$g0$hP$5Uk
=ACF  \\$aPrevious copyright fee: GBP16.22$c4\5$e01-apr-2005$fGBP16.22$g0$hP$5Uk
=ACF  \\$aPrevious copyright fee: GBP16.67$c4\5$e01-jan-2005$fGBP16.67$g0$hP$5Uk
=ACF  \\$aPrevious copyright fee: GBP13.51$c4\5$e01-apr-2004$fGBP13.51$g0$hP$5Uk
=ACF  \\$aCurrent copyright fee: GBP14.71$c4\5$e01-jan-2004$fGBP14.71$g0$hP$5Uk
=ACF  \\$aCurrent copyright fee: GBP15.63$c4\5$e01-jan-2003$fGBP15.63$g0$hP$5Uk
=ACF  \\$aPrevious copyright fee: GBP22.00$c4\5$e01-apr-2009$fGBP22.00$g0$hP$5Uk
=ACF  \\$aPrevious copyright fee: GBP22.00$c4\5$e12-aug-2012$fGBP22.00$g0$hP$5Uk
=ACF  \\$aPrevious copyright fee: GBP25.00$c4\5$e01-jan-2013$fGBP25.00$g0$hP$5Uk
=ACF  \\$aPrevious copyright fee: GBP25.77$c4\5$e01-jul-2013$fGBP25.77$g0$hP$5Uk
=ACF  \\$aPrevious copyright fee: GBP24.97$c4\5$e01-jan-2014$fGBP24.97$g0$hP$5Uk
=ACF  \\$aPrevious copyright fee: GBP24.21$c4\5$e01-jul-2014$fGBP24.21$g0$hP$5Uk
=ACF  \\$aPrevious copyright fee: GBP25.77$c4\5$e01-apr-2015$fGBP25.77$g0$hP$5Uk
=ACF  \\$aPrevious copyright fee: GBP26.63$c4\5$e01-jul-2015$fGBP26.63$g0$hP$5Uk
=ACF  \\$aPrevious copyright fee: GBP25.77$c4\5$e01-oct-2015$fGBP25.77$g0$hP$5Uk
=ACF  \\$aPrevious copyright fee: GBP27.55$c4\5$e01-apr-2016$fGBP27.55$g0$hP$5Uk
=ACF  \\$aPrevious copyright fee: GBP29.59$c4\5$e01-oct-2016$fGBP29.59$g0$hP$5Uk
=ACF  \\$aPrevious copyright fee: GBP31.96$c4\5$e01-apr-2017$fGBP31.96$g0$hP$5Uk
=ACF  \\$aPrevious copyright fee: GBP30.73$c4\5$e01-oct-2017$fGBP30.73$g0$hP$5Uk
=ACF  \\$aPrevious copyright fee: GBP28.54$c4\5$e01-apr-2018$fGBP28.54$g0$hP$5Uk
=LAS  \\$aIPL-CLA$b00$c20221231$lBLL01$h1444

