=LDR  04630cas a22010813  4500
=001  012433713
=003  Uk
=005  20191231192238.0
=006  m\\\\\\\\d\\\\\\\\
=007  cr\cnu||||||||
=008  020712c19909999nyumr\pss\\\\\0\\\a0eng\c
=FMT  \\$a  SE
=010  \\$a2002214492
=015  \\$aGBB350531$2bnb
=019  c\$a102418633
=022  0\$a1540-8167$y1045-3873
=037  \\$bFutura Publishing Company, Inc., 135 Bedford Road, P.O. Box 418, Armonk, NY 10504-0418$c239.00
=037  \\$aISSN_10453873$bPortico$nWiley
=040  \\$aNSD$cNSD$dOCLCQ$dDLC$dOCLCQ$dOCL$dOCLCQ$dPIT$dEYM$dOCLCQ$dUk
=042  \\$ansdp
=082  10$a612.1$222
=130  0\$aJournal of cardiovascular electrophysiology (Online)
=210  0\$aJ. cardiovasc. electrophysiol.$b(Online)
=222  \0$aJournal of cardiovascular electrophysiology$b(Online)
=245  10$aJournal of cardiovascular electrophysiology$h[electronic resource].
=260  \\$aArmonk, N.Y. :$bFutura Pub. Co.
=310  \\$aMonthly
=336  \\$atext$2rdacontent
=337  \\$acomputer$2rdamedia
=338  \\$aonline resource$2rdacarrier
=362  1\$aPrint began with vol. 1, no. 1 (Feb. 1990).
=500  \\$aDescription based on: Vol. 11, no. 11 (Nov. 2000); title from journal home page (viewed July 12, 2002).
=530  \\$aAlso issued in print.
=538  \\$aMode of access: World Wide Web.
=540  \\$aCurrent Copyright Fee: GBP39.00$c35\0$5Uk
=650  \0$aBlood vessels$xPhysiology$vPeriodicals.
=650  \0$aElectrophysiology$vPeriodicals.
=650  \0$aHeart$xPhysiology$vPeriodicals.
=776  1\$tJournal of cardiovascular electrophysiology$x1045-3873
=859  \\$aELD$bejournal
=856  \\$31850-9999$uhttp://onlinelibrary.wiley.com/$xBLDSS
=852  41$aBritish Library$bSTI$jELD Digital store$3Volume 24:Number 1(2013:Jan.)-***Previous issues available in print copy
=852  41$aBritish Library$bDSC$j4954.866000$3Volume 1:Issue 1(1983)-Volume 25:Issue 12(2014)***See ESTAR for full holdings.
=945  \\$aJournal of cardiovascular electrophysiology
=959  \\$fHeld but not currently received
=985  \\$aCONFERENCE ANALYTIC RECORDS EXIST
=A02  \\$a102418633
=CAT  \\$aCONV$b00$c20040425$lBLL90$h0713
=CAT  \\$a8323$b40$c20101115$lBLL01$h1204
=CAT  \\$aBATCH-CLA$b00$c20121109$lBLL01$h1734
=CAT  \\$aWR12_168$c20121206$lBLL01$h1814
=CAT  \\$a8201$b40$c20130522$lBLL01$h1432
=CAT  \\$aWR13.114$c20130717$lBLL01$h1312
=CAT  \\$aBATCH-PORT$c20130829$lBLL01$h1113
=CAT  \\$a6162$b40$c20131212$lBLL01$h1236
=CAT  \\$aBATCH-CLA$b00$c20140125$lBLL01$h1256
=CAT  \\$aWR14_009$c20140204$lBLL01$h2341
=CAT  \\$aBATCH-CLA$c20140225$lBLL01$h2319
=CAT  \\$aBLDSS-3PM$b00$c20141214$lBLL01$h1521
=CAT  \\$aBATCH-UPD$b00$c20150215$lBLL01$h1623
=CAT  \\$aIPL-CLA$c20150228$lBLL01$h2046
=CAT  \\$aCDS15-UPD$b40$c20150918$lBLL01$h1639
=CAT  \\$aBATCH-UPD$b40$c20160527$lBLL01$h0836
=CAT  \\$aW1703-0316$c20170306$lBLL01$h1823
=CAT  \\$aW1703-0316$c20170307$lBLL01$h1647
=CAT  \\$aIPL-CLA$c20170307$lBLL01$h1823
=CAT  \\$aW1711-1005$c20171206$lBLL01$h1815
=CAT  \\$aBATCH-UPD$b00$c20180219$lBLL01$h1745
=CAT  \\$aBATCH-UPD$b00$c20181121$lBLL01$h1620
=CAT  \\$aIPL-CLA$c20181231$lBLL01$h1540
=CAT  \\$aR1911-0245$c20191127$lBLL01$h0944
=CAT  \\$aR1911-0245$c20191127$lBLL01$h1045
=CAT  \\$aIPL-CLA$c20191231$lBLL01$h1922
=CFI  0\$aCurrent Copyright Fee: GBP39.00$c35\0$e01-jan-2020$fGBP39.00$g0$hP$5Uk
=CFI  2\$aPrevious copyright fee: GBP28.00$c35\0$e01-jan-2019$fGBP28.00$g0$hP$5Uk
=EST  \\$a1
=FFP  \\$aY$bBLDSS-3PM
=FIN  \\$aY
=LEO  \\$aMP10.0000630983
=LKR  \\$aPAR$b008223281$lBLL01$r776$mJournal of cardiovascular electrophysiology (Online)$nJournal of cardiovascular electrophysiology.
=MNI  \\$a1045-3873
=SID  \\$aZ39$bOCLC
=SRC  \\$aDSS01$bbibmp10.200404.2.aa
=TCO  \\$aTRS$bCCC$c008
=TOC  \\$aETOC
=UNO  \\$aY
=ACF  \\$aCurrent copyright fee: GBP13.00$c10\0$e01-apr-2003$fGBP13.00$g0$hP$5Uk
=ACF  \\$aCurrent copyright fee: GBP13.00$c10\2$e02-dec-2002$fGBP13.00$g0$hP$5Uk
=ACF  \\$aPrevious copyright fee: GBP15.00$c10\0$e01-apr-2004$fGBP15.00$g0$hP$5Uk
=ACF  \\$aPrevious Copyright Fee: GBP22.00$c10\0$e01-jan-2006$fGBP22.00$g0$hP$5Uk
=ACF  \\$aPrevious copyright fee: GBP24.00$c10\0$e01-mar-2015$fGBP24.00$g0$hP$5Uk
=ACF  \\$aPrevious copyright fee: GBP24.00$c35\0$e07-mar-2017$fGBP24.00$g0$hP$5Uk
=LAS  \\$aIPL-CLA$b00$c20191231$lBLL01$h1922

