=LDR  04854cas a2201141 a 4500
=001  012433777
=003  Uk
=005  20230204190753.0
=007  cr\cn|||||||||
=008  040410c20029999enkqr\p\o\\\\\0\\\a0eng\\
=FMT  \\$a  SE
=015  \\$aGBB349188$2bnb
=019  c\$a102614660
=022  0\$a1473-2165
=037  \\$aISSN_14732130$bPortico$nWiley
=040  \\$aUk$cUk$dUk
=042  \\$aukblsr
=082  04$a616.5$221
=130  0\$aJournal of cosmetic dermatology (Online)
=210  0\$aJ. cosmet. derm.$b(Online)
=222  \0$aJournal of cosmetic dermatology$b(Online)
=245  10$aJournal of cosmetic dermatology$h[electronic resource].
=246  30$aCosmetic dermatology
=260  \\$aOxford :$bBlackwell Science
=264  31$a[Oxford?] :$b[Wiley Periodicals, Inc.]
=336  \\$atext$2rdacontent
=337  \\$acomputer$2rdamedia
=338  \\$aonline resource$2rdacarrier
=362  0\$aVol. 1, issue 1 (Jan. 2002)-
=530  \\$aAlso issued in print.
=538  \\$aMode of access: World Wide Web.
=588  \\$aLatest issue consulted: volume 16, issue 4 (December 2017) (Wiley Online Library, viewed December 21, 2017).
=540  \\$aCurrent copyright fee: GBP46.00$c35\0$5Uk
=650  \0$aSkin$xDiseases$xTreatment$vPeriodicals.
=650  \0$aLasers in surgery$vPeriodicals.
=650  \0$aSkin$xPathophysiology$vPeriodicals.
=650  \0$aSurgery, Plastic$vPeriodicals.
=710  2\$aEuropean Society for Cosmetic & Aesthetic Dermatology.
=776  1\$tJournal of cosmetic dermatology (Print)$x1473-2130
=859  \\$aELD$bejournal
=856  \\$31850-9999$uhttp://onlinelibrary.wiley.com/$xBLDSS
=852  41$aBritish Library$bDSC$j4965.430350$3Volume 1:Issue 1(2002)-Volume 17:Issue 1(2018)***See ESTAR for full holdings.
=852  41$aBritish Library$bHMNTS$jELD Digital store$3Volume 12:Number 1(2013:Mar.)-***Previous issues available in print copy
=945  \\$aJournal of cosmetic dermatology
=959  \\$fHeld but not currently received
=979  \\$aBritish Library$bDSC$j4965.430350
=985  \\$aRecord merged by DQ team
=985  \\$aCONFERENCE ANALYIC RECORDS EXIST
=985  \\$aISSN responsibility transferred to U.S. ISSN Center from ISSN UK Centre, Wiley, Multinational Publisher List, Summer 2017.
=A02  \\$a102614660
=CAT  \\$aCONV$b00$c20040425$lBLL90$h0713
=CAT  \\$aWR13.114$c20130717$lBLL01$h1313
=CAT  \\$aBATCH-PORT$c20130829$lBLL01$h1114
=CAT  \\$aBATCH-CLA$b00$c20140125$lBLL01$h1249
=CAT  \\$aWR14_009$c20140204$lBLL01$h2341
=CAT  \\$aBATCH-CLA$c20140225$lBLL01$h2319
=CAT  \\$a10934$b40$c20141119$lBLL01$h0929
=CAT  \\$aBLDSS-3PM$b00$c20141214$lBLL01$h1521
=CAT  \\$aBATCH-UPD$b00$c20150215$lBLL01$h1623
=CAT  \\$aIPL-CLA$c20150228$lBLL01$h2046
=CAT  \\$aBATCH-UPD$b00$c20160617$lBLL01$h0953
=CAT  \\$aW1703-0316$c20170306$lBLL01$h1823
=CAT  \\$aW1703-0316$c20170307$lBLL01$h1647
=CAT  \\$aIPL-CLA$c20170307$lBLL01$h1823
=CAT  \\$aW1711-1005$c20171206$lBLL01$h1815
=CAT  \\$a10806$b40$c20171221$lBLL01$h1449
=CAT  \\$aBATCH-UPD$b40$c20180219$lBLL01$h1745
=CAT  \\$aW1805-0471$c20180520$lBLL01$h1138
=CAT  \\$aBATCH-UPD$b00$c20181121$lBLL01$h1620
=CAT  \\$aIPL-CLA$c20181231$lBLL01$h1540
=CAT  \\$aR1911-0245$c20191127$lBLL01$h0944
=CAT  \\$aR1911-0245$c20191127$lBLL01$h1045
=CAT  \\$aIPL-CLA$c20191231$lBLL01$h1922
=CAT  \\$aW2111-0842$c20211209$lBLL01$h1035
=CAT  \\$aIPL-CLA$c20211231$lBLL01$h1542
=CAT  \\$a5410$b40$c20230204$lBLL01$h1907
=CFI  0\$aCurrent copyright fee: GBP46.00$c35\0$e01-jan-2022$fGBP46.00$g0$hP$5Uk
=CFI  2\$aPrevious Copyright Fee: GBP39.00$c35\0$e01-jan-2020$fGBP39.00$g0$hP$5Uk
=EST  \\$a1
=FFP  \\$aY$bBLDSS-3PM
=FIN  \\$aY
=LEO  \\$aMP22.0000066145
=LEO  \\$aMP10.0000631047
=LKR  \\$aPAR$b007025214$lBLL01$r776$mJournal of cosmetic dermatology (Online)$nJournal of cosmetic dermatology (Print)
=MNI  \\$a1473-2130
=SRC  \\$aISN01$bbibmp22.200404.2.aa
=SRC  \\$aDSS01$bbibmp10.200404.2.aa
=TCO  \\$aCLA$bCLA$c008
=TOC  \\$aETOC
=UNO  \\$aY
=ACF  \\$aCurrent copyright fee: GBP13.00$c10\0$e01-apr-2003$fGBP13.00$g0$hP$5Uk
=ACF  \\$aCurrent copyright fee: GBP13.00$c10\4$e21-feb-2002$fGBP13.00$g0$hP$5Uk
=ACF  \\$aPrevious copyright fee: GBP15.00$c10\0$e01-apr-2004$fGBP15.00$g0$hP$5Uk
=ACF  \\$aPrevious copyright fee: GBP22.00$c10\0$e01-jan-2006$fGBP22.00$g0$hP$5Uk
=ACF  \\$aPrevious copyright fee: GBP24.00$c10\0$e01-mar-2015$fGBP24.00$g0$hP$5Uk
=ACF  \\$aPrevious copyright fee: GBP24.00$c35\0$e07-mar-2017$fGBP24.00$g0$hP$5Uk
=ACF  \\$aPrevious copyright fee: GBP28.00$c35\0$e01-jan-2019$fGBP28.00$g0$hP$5Uk
=LAS  \\$a5410$b40$c20230204$lBLL01$h1907

