=LDR  04919cas a2201177 a 4500
=001  012433810
=003  Uk
=005  20191231192239.0
=006  m\\\\\o\\d\\\\\\\\
=007  cr\mnu||||||||
=008  970612c19929999mauqr\pso\\\\\0\\\a0eng\c
=FMT  \\$a  SE
=010  \\$a00215542
=015  \\$aGBB350569$2bnb
=019  c\$a102454280
=022  0\$a1530-9134$l1058-6407$y1058-6407$21
=035  \\$a(OCoLC)37104824$z(OCoLC)49612628
=037  \\$bMIT Press Journals, 55 Hayward Street, Cambridge, MA 02142
=037  \\$aISSN_10586407$bPortico$nWiley
=040  \\$aF#A$beng$cF#A$dOCL$dAAA$dNSD$dOCLCQ$dVRC$dOCLCQ$dOCLCO$dOCLCQ$dUk
=042  \\$aukblsr
=050  \4$aHD28$b.J5983
=082  04$a330.1$222
=130  0\$aJournal of economics & management strategy (Online)
=210  0\$aJ. econ. manag. strat.$b(Online)
=222  \0$aJournal of economics & management strategy$b(Online)
=245  10$aJournal of economics & management strategy$h[electronic resource].
=246  3\$aJournal of economics and management strategy
=246  13$aJEMS
=260  \\$aCambridge, Mass. :$bMIT Press
=310  \\$aQuarterly
=336  \\$atext$2rdacontent
=337  \\$acomputer$2rdamedia
=338  \\$aonline resource$2rdacarrier
=362  1\$aPrint began with vol. 1, no. 1 (spring 1992).
=530  \\$aAlso issued in print.
=538  \\$aMode of access: World Wide Web.
=588  \\$aDescription based on: Vol. 6, no. 1 (spring 1997); title from journal information screen.
=540  \\$aCurrent Copyright Fee: GBP32.00$c35\0$5Uk
=690  7\$aManagement and Business Studies$2blcoll
=650  \0$aEconomics$vPeriodicals.
=650  \0$aBusiness$vPeriodicals.
=650  \0$aManagement$vPeriodicals.
=650  \0$aStrategic planning$vPeriodicals.
=776  1\$tJournal of economics & management strategy$x1058-6407
=859  \\$aELD$bejournal
=856  \\$31850-9999$uhttp://onlinelibrary.wiley.com/$xBLDSS
=852  41$aBritish Library$bHMNTS$jELD Digital store$3Volume 22:Issue 1(2013)-
=852  41$aBritish Library$bDSC$j4973.095300$3Volume 1:Issue 4(1992)-Volume 23:Issue 4(2014)***See ESTAR for full holdings.
=945  \\$aJOURNAL OF ECONOMICS AND MANAGEMENT STRATEGY.
=959  \\$fHeld but not currently received
=963  \\$aVOL. 1, 1992- *A=1$bN$cP220.C.577
=985  \\$aCorrected by BSS-generated file for WR# 08/157
=985  \\$aCorrected by MS generated file for WR# 12.018
=985  \\$aCONFERENCE ANALYTIC RECORDS EXIST
=A02  \\$a102454280
=CAT  \\$aCONV$b00$c20040425$lBLL90$h0713
=CAT  \\$aBATCH-MBS$c20120727$lBLL01$h2105
=CAT  \\$aBATCH-CLA$b00$c20121109$lBLL01$h1734
=CAT  \\$aWR13.005$c20130323$lBLL01$h1510
=CAT  \\$a8201$b40$c20130522$lBLL01$h1553
=CAT  \\$aWR13.114$c20130717$lBLL01$h1313
=CAT  \\$aBATCH-PORT$c20130829$lBLL01$h1114
=CAT  \\$aBATCH-CLA$b00$c20140125$lBLL01$h1307
=CAT  \\$aWR14_009$c20140204$lBLL01$h2343
=CAT  \\$aBATCH-CLA$c20140225$lBLL01$h2319
=CAT  \\$a6162$b40$c20140506$lBLL01$h1213
=CAT  \\$aBLDSS-3PM$b00$c20141214$lBLL01$h1521
=CAT  \\$aBATCH-UPD$b00$c20150215$lBLL01$h1623
=CAT  \\$aIPL-CLA$c20150228$lBLL01$h2046
=CAT  \\$aCDS15-UPD$b40$c20150918$lBLL01$h1639
=CAT  \\$aBATCH-UPD$b40$c20160615$lBLL01$h0322
=CAT  \\$aW1703-0316$c20170306$lBLL01$h1823
=CAT  \\$aW1703-0316$c20170307$lBLL01$h1647
=CAT  \\$aIPL-CLA$c20170307$lBLL01$h1823
=CAT  \\$aW1711-1005$c20171206$lBLL01$h1815
=CAT  \\$aBATCH-UPD$b00$c20180219$lBLL01$h1745
=CAT  \\$aBATCH-UPD$b00$c20181121$lBLL01$h1620
=CAT  \\$aIPL-CLA$c20181231$lBLL01$h1540
=CAT  \\$aR1911-0245$c20191127$lBLL01$h0822
=CAT  \\$aR1911-0245$c20191127$lBLL01$h1045
=CAT  \\$aIPL-CLA$c20191231$lBLL01$h1922
=CFI  0\$aCurrent Copyright Fee: GBP32.00$c35\0$e01-jan-2020$fGBP32.00$g0$hP$5Uk
=CFI  2\$aPrevious copyright fee: GBP28.00$c35\0$e01-jan-2019$fGBP28.00$g0$hP$5Uk
=EST  \\$a1
=FFP  \\$aY$bBLDSS-3PM
=FIN  \\$aY
=LEO  \\$aMP10.0000631080
=LKR  \\$aPAR$b010489201$lBLL01$r776$mJournal of economics & management strategy (Online)$nJournal of economics & management strategy
=MNI  \\$a1058-6407
=SRC  \\$aDSS01$bbibmp10.200404.2.aa
=TCO  \\$aTRS$bCCC$c008
=TOC  \\$aETOC
=UNO  \\$aY
=ACF  \\$aCurrent copyright fee: GBP13.00$c10\0$e01-jan-2004$fGBP13.00$g0$hP$5Uk
=ACF  \\$aCurrent copyright fee: GBP6.25$c0$e01-jan-2003$fGBP6.25$g0$hC$5Uk
=ACF  \\$aPrevious copyright fee: GBP15.00$c10\0$e01-apr-2004$fGBP15.00$g0$hP$5Uk
=ACF  \\$aPrevious copyright fee: GBP22.00$c10\0$e01-jan-2006$fGBP22.00$g0$hP$5Uk
=ACF  \\$aPrevious copyright fee: GBP24.00$c10\0$e01-mar-2015$fGBP24.00$g0$hP$5Uk
=ACF  \\$aPrevious copyright fee: GBP24.00$c35\0$e07-mar-2017$fGBP24.00$g0$hP$5Uk
=LAS  \\$aIPL-CLA$b00$c20191231$lBLL01$h1922

