=LDR  04677cas a2201117 a 4500
=001  012433850
=003  Uk
=005  20191231192239.0
=006  m\\\\\o\\d\\\\\\\\
=007  cr\|||||||||||
=008  990906c19799999enkqr\p\o\\\\\0\\\a0eng\\
=FMT  \\$a  SE
=015  \\$aGBB350575$2bnb
=019  c\$a102093871
=022  0\$a1467-6427$l0163-4445$y0163-4445$202
=037  \\$aISSN_01634445$bPortico$nWiley
=040  \\$aUk$cUk$dUk
=042  \\$aukblsr
=082  04$a616.89156$222
=130  0\$aJournal of family therapy (Online)
=210  0\$aJ. fam. ther.$b(Online)
=222  \0$aJournal of family therapy$b(Online)
=245  10$aJournal of family therapy$h[electronic resource].
=260  \\$aOxford :$bBlackwell
=310  \\$aQuarterly
=336  \\$atext$2rdacontent
=337  \\$acomputer$2rdamedia
=338  \\$aonline resource$2rdacarrier
=362  1\$aPrint began with vol. 1, no. 1 (Feb. 1979).
=516  \\$aPDF format
=538  \\$aMode of access: World Wide Web.
=550  \\$aPublished for the Association for Family Therapy; for the Association for Family Therapy and Systematic Practice, <1998->
=540  \\$aCurrent Copyright Fee: GBP32.00$c35\0$5Uk
=650  \0$aFamily psychotherapy$vPeriodicals.
=710  2\$aAssociation for Family Therapy.
=776  08$iPrint version:$tJournal of family therapy$x0163-4445
=859  \\$aELD$bejournal
=856  \\$31850-9999$uhttp://onlinelibrary.wiley.com/$xBLDSS
=852  41$aBritish Library$bHMNTS$jELD Digital store$3Volume 35:Issue 1(2013:Feb.)-***Previous issues available in print copy
=852  41$aBritish Library$bDSC$j4983.740000$3Volume 15:Issue 1(1993)-Volume 36:Issue 4(2014)***See ESTAR for full holdings.
=945  \\$aJOURNAL OF FAMILY THERAPY.
=959  \\$fHeld but not currently received
=963  \\$aVOL. 1, 1979- *A=1$bN$cP244.C.61
=985  \\$aCorrected by BSS-generated file for WR# 08/157
=985  \\$aCorrected by MS generated file for WR# 12.018
=985  \\$aRecord merged by DQ team
=A02  \\$a102093871
=CAT  \\$aCONV$b00$c20040425$lBLL90$h0713
=CAT  \\$aBLSS-CORR$b00$c20120724$lBLL01$h1759
=CAT  \\$aBATCH-CLA$b00$c20121109$lBLL01$h1734
=CAT  \\$aWR12_168$c20121206$lBLL01$h1814
=CAT  \\$aWR13.005$c20130323$lBLL01$h1510
=CAT  \\$a8201$b40$c20130522$lBLL01$h1604
=CAT  \\$aWR13.114$c20130717$lBLL01$h1313
=CAT  \\$aBATCH-PORT$c20130829$lBLL01$h1114
=CAT  \\$aBATCH-CLA$b00$c20140125$lBLL01$h1307
=CAT  \\$aWR14_009$c20140204$lBLL01$h2342
=CAT  \\$aBATCH-CLA$c20140225$lBLL01$h2319
=CAT  \\$aBLDSS-3PM$b00$c20141214$lBLL01$h1521
=CAT  \\$aBATCH-UPD$b00$c20150215$lBLL01$h1623
=CAT  \\$aIPL-CLA$c20150228$lBLL01$h2046
=CAT  \\$aCDS15-UPD$b40$c20150918$lBLL01$h1639
=CAT  \\$aBATCH-UPD$b40$c20160615$lBLL01$h0239
=CAT  \\$aW1703-0316$c20170306$lBLL01$h1823
=CAT  \\$aW1703-0316$c20170307$lBLL01$h1647
=CAT  \\$aIPL-CLA$c20170307$lBLL01$h1823
=CAT  \\$aW1711-1005$c20171206$lBLL01$h1815
=CAT  \\$aBATCH-UPD$b00$c20180219$lBLL01$h1745
=CAT  \\$aBATCH-UPD$b00$c20181121$lBLL01$h1620
=CAT  \\$aIPL-CLA$c20181231$lBLL01$h1540
=CAT  \\$aR1911-0245$c20191127$lBLL01$h0822
=CAT  \\$aR1911-0245$c20191127$lBLL01$h1045
=CAT  \\$aIPL-CLA$c20191231$lBLL01$h1922
=CFI  0\$aCurrent Copyright Fee: GBP32.00$c35\0$e01-jan-2020$fGBP32.00$g0$hP$5Uk
=CFI  2\$aPrevious copyright fee: GBP28.00$c35\0$e01-jan-2019$fGBP28.00$g0$hP$5Uk
=EST  \\$a1
=FFP  \\$aY$bBLDSS-3PM
=FIN  \\$aY
=LEO  \\$aMP22.0000061944
=LEO  \\$aMP10.0000631120
=LKR  \\$aPAR$b010489558$lBLL01$r776$mJournal of family therapy (Online)$nJournal of family therapy.
=MNI  \\$a0163-4445
=SRC  \\$aISN01$bbibmp22.200404.2.aa
=SRC  \\$aDSS01$bbibmp10.200404.2.aa
=TCO  \\$aCLA$bCLA$c008
=TOC  \\$aETOC
=UNO  \\$aY
=ACF  \\$aPrevious copyright fee: GBP16.00$c10\0$e01-jan-2006$fGBP16.00$g0$hP$5Uk
=ACF  \\$aPrevious copyright fee: GBP15.00$c10\0$e01-apr-2004$fGBP15.00$g0$hP$5Uk
=ACF  \\$aCurrent copyright fee: GBP13.00$c10\0$e01-apr-2003$fGBP13.00$g0$hP$5Uk
=ACF  \\$aCurrent copyright fee: GBP13.00$c10\6$e01-apr-2002$fGBP13.00$g0$hP$5Uk
=ACF  \\$aPrevious copyright fee: GBP17.00$c10\0$e01-jan-2009$fGBP17.00$g0$hP$5Uk
=ACF  \\$aPrevious copyright fee: GBP22.00$c10\0$e01-jan-2011$fGBP22.00$g0$hP$5Uk
=ACF  \\$aPrevious copyright fee: GBP24.00$c10\0$e01-mar-2015$fGBP24.00$g0$hP$5Uk
=ACF  \\$aPrevious copyright fee: GBP24.00$c35\0$e07-mar-2017$fGBP24.00$g0$hP$5Uk
=LAS  \\$aIPL-CLA$b00$c20191231$lBLL01$h1922

