=LDR  04955cas a2201189 a 4500
=001  012433860
=003  Uk
=005  20211231154204.0
=006  m\\\\\o\\d\\\\\\\\
=007  cr\cnu||||||||
=008  970521c19699999enkmr\pso\\\\\0\\\a0eng\c
=FMT  \\$a  SE
=010  \\$asn 97006450
=015  \\$aGBB350576$2bnb
=019  c\$a102093891
=022  0\$a1095-8649$l0022-1112$y0022-1112$21
=030  \\$aJFIBA9
=035  \\$a(OCoLC)36944310$z(OCoLC)222693719$z(OCoLC)320995604$z(OCoLC)499771494
=037  \\$bAcademic Press, 6277 Sea Harbor Dr., Orlando, FL 32887-4900
=037  \\$aISSN_00221112_2$bPortico$nWiley
=040  \\$aOH1$beng$cOH1$dNSD$dOCL$dMYG$dOCLCQ$dMYG$dOCLCQ$dOCL$dMUQ$dOCLCQ$dCNTRU$dUKMGB$dOCLCQ$dOCLCO$dOCLCQ$dUk
=042  \\$aukblsr
=043  \\$ae-uk---
=050  14$aQL614$b.J68
=060  0\$aW1 JO65K
=082  04$a597$221
=130  0\$aJournal of fish biology (Online)
=210  0\$aJ. fish biol.$b(Online)
=222  \0$aJournal of fish biology$b(Online)
=245  10$aJournal of fish biology$h[electronic resource].
=260  \\$aLondon :$bPublished for the Fisheries Society of the British Isles by Academic Press
=310  \\$aMonthly
=336  \\$atext$2rdacontent
=337  \\$acomputer$2rdamedia
=338  \\$aonline resource$2rdacarrier
=362  1\$aPrint began in 1969.
=516  \\$aPDF format
=525  \\$aSome v. accompanied by supplements.
=530  \\$aAlso issued in print.
=538  \\$aMode of access: World Wide Web.
=588  \\$aDescription based on: Vol. 46, no. 4 (Apr. 1995); title from title information screen.
=588  \\$aLatest issue consulted: Vol. 61, issue 6 (Dec. 2002).
=540  \\$aCurrent copyright fee: GBP39.00$c35\0$5Uk
=650  \0$aFishes$vPeriodicals.
=650  \0$aFishes$zGreat Britain$vPeriodicals.
=710  2\$aFisheries Society of the British Isles.
=776  1\$tJournal of fish biology$x0022-1112
=859  \\$aELD$bejournal
=856  \\$31850-9999$uhttp://onlinelibrary.wiley.com/$xBLDSS
=852  41$aBritish Library$bDSC$j4984.280000$3Volume 46:Issue 4(1995)-Volume 85:Issue 6(2014)***See ESTAR for full holdings.
=852  41$aBritish Library$bHMNTS$jELD Digital store$3Volume 82:Issue 1(2013)-***Previous issues available in print copy
=945  \\$aJOURNAL OF FISH BIOLOGY.
=959  \\$fHeld but not currently received
=963  \\$aVOL. 1, 1969- *A=1$bN$cP383.B.19
=985  \\$aCorrected by BSS-generated file for WR# 08/157
=A02  \\$a102093891
=CAT  \\$aCONV$b00$c20040425$lBLL90$h0713
=CAT  \\$aWR12_168$c20121206$lBLL01$h1814
=CAT  \\$aWR13.005$c20130323$lBLL01$h1510
=CAT  \\$a8201$b40$c20130522$lBLL01$h1608
=CAT  \\$aWR13.114$c20130717$lBLL01$h1313
=CAT  \\$aBATCH-PORT$c20130829$lBLL01$h1114
=CAT  \\$aBATCH-CLA$b00$c20140125$lBLL01$h1258
=CAT  \\$aWR14_009$c20140204$lBLL01$h2343
=CAT  \\$aBATCH-CLA$c20140225$lBLL01$h2319
=CAT  \\$aBLDSS-3PM$b00$c20141214$lBLL01$h1521
=CAT  \\$aBATCH-UPD$b00$c20150215$lBLL01$h1623
=CAT  \\$aIPL-CLA$c20150228$lBLL01$h2046
=CAT  \\$aCDS15-UPD$b40$c20150918$lBLL01$h1639
=CAT  \\$aBATCH-UPD$b40$c20160519$lBLL01$h2138
=CAT  \\$aW1703-0316$c20170306$lBLL01$h1823
=CAT  \\$aW1703-0316$c20170307$lBLL01$h1647
=CAT  \\$aIPL-CLA$c20170307$lBLL01$h1823
=CAT  \\$aW1711-1005$c20171206$lBLL01$h1815
=CAT  \\$aBATCH-UPD$b00$c20180219$lBLL01$h1745
=CAT  \\$aBATCH-UPD$b00$c20181121$lBLL01$h1620
=CAT  \\$aIPL-CLA$c20181231$lBLL01$h1540
=CAT  \\$aR1911-0245$c20191127$lBLL01$h0822
=CAT  \\$aR1911-0245$c20191127$lBLL01$h1045
=CAT  \\$aIPL-CLA$c20191231$lBLL01$h1922
=CAT  \\$aW2111-0842$c20211208$lBLL01$h1942
=CAT  \\$aIPL-CLA$c20211231$lBLL01$h1542
=CFI  0\$aCurrent copyright fee: GBP39.00$c35\0$e01-jan-2022$fGBP39.00$g0$hP$5Uk
=CFI  2\$aPrevious Copyright Fee: GBP32.00$c35\0$e01-jan-2020$fGBP32.00$g0$hP$5Uk
=EST  \\$a1
=FFP  \\$aY$bBLDSS-3PM
=FIN  \\$aY
=LEO  \\$aMP10.0000631130
=LKR  \\$aPAR$b008889520$lBLL01$r776$mJournal of fish biology (Online)$nJournal of Fish Biology
=MNI  \\$a0022-1112
=SRC  \\$aDSS01$bbibmp10.200404.2.aa
=TCO  \\$aCLA$bCLA$c008
=TOC  \\$aETOC
=UNO  \\$aY
=ACF  \\$aCurrent copyright fee: GBP13.00$c10\0$e01-apr-2003$fGBP13.00$g0$hP$5Uk
=ACF  \\$aCurrent copyright fee: GBP13.00$c10\6$e27-mar-2003$fGBP13.00$g0$hP$5Uk
=ACF  \\$aPrevious copyright fee: GBP15.00$c10\0$e01-apr-2004$fGBP15.00$g0$hP$5Uk
=ACF  \\$aPrevious copyright fee: GBP22.00$c10\0$e01-jan-2006$fGBP22.00$g0$hP$5Uk
=ACF  \\$aPrevious copyright fee: GBP24.00$c10\0$e01-mar-2015$fGBP24.00$g0$hP$5Uk
=ACF  \\$aPrevious copyright fee: GBP24.00$c35\0$e07-mar-2017$fGBP24.00$g0$hP$5Uk
=ACF  \\$aPrevious copyright fee: GBP28.00$c35\0$e01-jan-2019$fGBP28.00$g0$hP$5Uk
=LAS  \\$aIPL-CLA$b00$c20211231$lBLL01$h1542

