=LDR  04851cas a2201141 a 4500
=001  012434058
=003  Uk
=005  20230101211735.0
=006  m\\\\\o\\d\\\\\\\\
=007  cr\cnu||||||||
=008  040410c19839999ne\br\p\o\\\\\0\\\a0eng\\
=FMT  \\$a  SE
=010  \\$a2005212927
=015  \\$aGBB348982$2bnb
=019  c\$a102223031
=022  0\$a1554-527X$l0736-0266$y0736-0266$21
=035  \\$a(OCoLC)46630588$z(OCoLC)49541406
=037  \\$aISSN_07360266$bPortico$nWiley
=040  \\$aOH1$beng$cOH1$dOCLCQ$dFQM$dGUA$dOCLCQ$dNSD$dMUQ$dPFM$dNSD$dCFI$dOCLCQ$dUk
=042  \\$aukblsr
=050  10$aISSN RECORD
=050  04$aRD701$b.J7
=082  04$a616.7$221
=130  0\$aJournal of orthopaedic research (Online)
=222  \0$aJournal of orthopaedic research$b(Online)
=245  10$aJournal of orthopaedic research$h[electronic resource].
=260  \\$aAmsterdam ;$aNew York :$bElsevier Science
=310  \\$aBimonthly
=336  \\$atext$2rdacontent
=337  \\$acomputer$2rdamedia
=338  \\$aonline resource$2rdacarrier
=362  1\$aPrint began with vol. 1, no. 1, published in 1983.
=530  \\$aAlso issued in print.
=538  \\$aMode of access: World Wide Web.
=550  \\$aOfficial publication of the Orthopaedic Research Society.
=588  \\$aDescription based on: Vol. 19, issue 1 (Jan. 2001); title from banner (Elsevier web site, viewed Feb. 04, 2005).
=588  \\$aLatest issue consulted: Vol. 26, issue 11 (Nov. 2008) (Wiley InterScience Web site, viewed Oct. 20, 2008).
=540  \\$aCurrent copyright fee: GBP39.00$c35\0$5Uk
=650  \0$aOrthopedics$vPeriodicals.
=650  \0$aMusculoskeletal system$vPeriodicals.
=710  2\$aOrthopaedic Research Society.
=776  1\$tJournal of orthopaedic research$x0736-0266
=859  \\$aELD$bejournal
=856  \\$31850-9999$uhttp://onlinelibrary.wiley.com/$xBLDSS
=852  41$aBritish Library$bHMNTS$jELD Digital store$3Volume 31:Issue 1(2013:Jan.)-***previous issues available in print copy
=852  41$aBritish Library$bDSC$j5027.665000$3Volume 17:Issue 3(1999)-Volume 36:Issue 2(2018)***See ESTAR for full holdings.
=945  \\$aJournal of orthopaedic research
=959  \\$fHeld but not currently received
=979  \\$aBritish Library$bDSC$j5027.665000
=985  \\$aCONFERENCE ANALYTIC RECORDS EXIST
=A02  \\$a102223031
=CAT  \\$aCONV$b00$c20040425$lBLL90$h0713
=CAT  \\$aBATCH$b00$c20091216$lBLL01$h0217
=CAT  \\$aBATCH-UPD$b00$c20101116$lBLL01$h1334
=CAT  \\$aWR10_164$c20101215$lBLL01$h1511
=CAT  \\$aIPL-CLA$c20101231$lBLL01$h1508
=CAT  \\$aBATCH-CLA$b00$c20121109$lBLL01$h1734
=CAT  \\$a8201$b40$c20130517$lBLL01$h1433
=CAT  \\$aWR13.114$c20130717$lBLL01$h1313
=CAT  \\$aBATCH-PORT$c20130829$lBLL01$h1114
=CAT  \\$aWR14_009$c20140204$lBLL01$h2341
=CAT  \\$a6162$b40$c20140513$lBLL01$h1056
=CAT  \\$aBLDSS-3PM$b00$c20141214$lBLL01$h1521
=CAT  \\$aBATCH-UPD$b00$c20150215$lBLL01$h1655
=CAT  \\$aIPL-CLA$c20150228$lBLL01$h2046
=CAT  \\$aBATCH-UPD$b00$c20160519$lBLL01$h1447
=CAT  \\$aW1711-1005$c20171206$lBLL01$h1815
=CAT  \\$aBATCH-UPD$b00$c20180219$lBLL01$h1745
=CAT  \\$aW1805-0471$c20180520$lBLL01$h1138
=CAT  \\$aBATCH-UPD$b00$c20181121$lBLL01$h1621
=CAT  \\$aIPL-CLA$c20181231$lBLL01$h1540
=CAT  \\$aR1911-0245$c20191127$lBLL01$h0822
=CAT  \\$aR1911-0245$c20191127$lBLL01$h1045
=CAT  \\$aIPL-CLA$c20191231$lBLL01$h1922
=CAT  \\$aW2111-0842$c20211208$lBLL01$h1942
=CAT  \\$aIPL-CLA$c20211231$lBLL01$h1542
=CAT  \\$a5410$b40$c20230101$lBLL01$h2117
=CFI  0\$aCurrent copyright fee: GBP39.00$c35\0$e01-jan-2022$fGBP39.00$g0$hP$5Uk
=CFI  2\$aPrevious Copyright Fee: GBP32.00$c35\0$e01-jan-2020$fGBP32.00$g0$hP$5Uk
=EST  \\$a1
=FFP  \\$aY$bBLDSS-3PM
=FIN  \\$aY
=LEO  \\$aMP10.0000631328
=LKR  \\$aPAR$b010491302$lBLL01$r776$mJournal of orthopaedic research (Online)$nJournal of orthopaedic research
=MNI  \\$a0736-0266
=SID  \\$aZ39$bOCLC
=SRC  \\$aDSS01$bbibmp10.200404.2.aa
=TCO  \\$aCLA$bCLA$c008
=TOC  \\$aETOC
=UNO  \\$aY
=ACF  \\$aPrevious copyright fee: GBP18.00$c5\1$e01-apr-2004$fGBP18.00$g0$hP$5Uk
=ACF  \\$aCurrent copyright fee: GBP20.00$c5\1$e01-jan-2003$fGBP20.00$g0$hP$5Uk
=ACF  \\$aCurrent copyright fee: GBP15.00$c5\1$e01-jul-2002$fGBP15.00$g0$hP$5Uk
=ACF  \\$aPrevious Copyright Fee: GBP17.00$c35\0$e01-jan-2006$fGBP17.00$g0$hP$5Uk
=ACF  \\$aPrevious copyright fee: GBP22.00$c35\0$e01-jan-2011$fGBP22.00$g0$hP$5Uk
=ACF  \\$aPrevious copyright fee: GBP24.00$c35\0$e01-mar-2015$fGBP24.00$g0$hP$5Uk
=ACF  \\$aPrevious copyright fee: GBP28.00$c35\0$e01-jan-2019$fGBP28.00$g0$hP$5Uk
=LAS  \\$a5410$b40$c20230101$lBLL01$h2117

