=LDR  04960cas a2201153 a 4500
=001  012434094
=003  Uk
=005  20211231154208.0
=006  m\\\\fo\\d\\\\\\\\
=007  cr\mn|||||||||
=008  040410c19869999gw\mr\p\o\\\\\0\\\a0eng\\
=FMT  \\$a  SE
=010  \\$a00242299
=015  \\$aGBB349146$2bnb
=019  c\$a102094762
=022  0\$a1439-0434$l0931-1785$y0931-1785
=035  \\$a(OCoLC)44698764$z(OCoLC)44506423$z(OCoLC)48193341
=037  \\$bBlackwell Science, Ltd., Osney Mead, Oxford OX2 0EL, United Kingdom
=037  \\$aISSN_09311785$bPortico$nWiley
=040  \\$aJNA$beng$cJNA$dMYG$dOCLCQ$dGUA$dNSD$dF#A$dOCLCQ$dOCLCS$dOCLCQ$dUQ1$dOCLCQ$dOCLCO$dUk
=041  0\$aeng$bger
=042  \\$aukblsr
=050  14$aSB599$b.P93
=082  04$a632$222
=130  0\$aJournal of phytopathology (Online)
=210  0\$aJ. phytopathol.$b(1986, Internet)
=222  \0$aJournal of phytopathology$b(1986. Internet)
=245  10$aJournal of phytopathology$h[electronic resource] =$bPhytopathologische Zeitschrift.
=246  31$aPhytopathologische Zeitschrift
=260  \\$a[Berlin, Germany] :$bBlackwell Science
=310  \\$aMonthly
=336  \\$atext$2rdacontent
=337  \\$acomputer$2rdamedia
=338  \\$aonline resource$2rdacarrier
=362  1\$aPrint began with vol. 15, no. 1 (Jan. 1986).
=530  \\$aAlso issued in print.
=538  \\$aMode of access: World Wide Web.
=588  \\$aDescription based on: Vol. 147, issue 1 (Jan. 1999); title from table of contents page (viewed Oct. 30, 2000).
=588  \\$aLatest issue consulted: Vol. 148, issue 7/8 (Aug. 2000).
=516  \\$aPDF format
=595  \\$aFORMERLY 6496.0 UP TO VOL. 114, 1985 SEE ALSO 6496.0 FOR SRL HOLDINGS.
=540  \\$aCurrent copyright fee: GBP39.00$c35\0$5Uk
=650  \0$aPlant diseases$vPeriodicals.
=776  1\$tJournal of phytopathology$x0931-1785
=859  \\$aELD$bejournal
=856  \\$31850-9999$uhttp://onlinelibrary.wiley.com/$xBLDSS
=852  41$aBritish Library$bDSC$j5040.250000$3Volume 112:Issue 2(1985)-Volume 162:Issue 11/12(2014)***See ESTAR for full holdings.
=852  41$aBritish Library$bHMNTS$jELD Digital store$3Volume 161:Issue 1(2013:Jan.)-***Previous issues available in print copy
=945  \\$aJOURNAL OF PHYTOPATHOLOGY -BERLIN-.
=959  \\$fHeld but not currently received
=963  \\$aCA/U-2 VOL. 115, 1986- *A=1$bN
=985  \\$aCorrected by MS generated file for WR# 12.018
=A02  \\$a102094762
=CAT  \\$aCONV$b00$c20040425$lBLL90$h0713
=CAT  \\$a10902$b40$c20130316$lBLL01$h1126
=CAT  \\$aWR13.005$c20130323$lBLL01$h1510
=CAT  \\$a8201$b40$c20130520$lBLL01$h1429
=CAT  \\$aWR13.114$c20130717$lBLL01$h1313
=CAT  \\$aBATCH-PORT$c20130829$lBLL01$h1114
=CAT  \\$aBATCH-CLA$b00$c20140125$lBLL01$h1308
=CAT  \\$aWR14_009$c20140204$lBLL01$h2343
=CAT  \\$aBATCH-CLA$c20140225$lBLL01$h2320
=CAT  \\$aBLDSS-3PM$b00$c20141214$lBLL01$h1521
=CAT  \\$aBATCH-UPD$b00$c20150215$lBLL01$h1623
=CAT  \\$aIPL-CLA$c20150228$lBLL01$h2046
=CAT  \\$aCDS15-UPD$b40$c20150918$lBLL01$h1639
=CAT  \\$aBATCH-UPD$b40$c20160519$lBLL01$h2157
=CAT  \\$aW1703-0316$c20170306$lBLL01$h1823
=CAT  \\$aW1703-0316$c20170307$lBLL01$h1647
=CAT  \\$aIPL-CLA$c20170307$lBLL01$h1824
=CAT  \\$aW1711-1005$c20171206$lBLL01$h1815
=CAT  \\$aBATCH-UPD$b00$c20180219$lBLL01$h1745
=CAT  \\$aBATCH-UPD$b00$c20181121$lBLL01$h1621
=CAT  \\$aIPL-CLA$c20181231$lBLL01$h1540
=CAT  \\$aR1911-0245$c20191127$lBLL01$h0822
=CAT  \\$aR1911-0245$c20191127$lBLL01$h1045
=CAT  \\$aIPL-CLA$c20191231$lBLL01$h1922
=CAT  \\$aW2111-0842$c20211208$lBLL01$h1942
=CAT  \\$aIPL-CLA$c20211231$lBLL01$h1542
=CFI  0\$aCurrent copyright fee: GBP39.00$c35\0$e01-jan-2022$fGBP39.00$g0$hP$5Uk
=CFI  2\$aPrevious Copyright Fee: GBP32.00$c35\0$e01-jan-2020$fGBP32.00$g0$hP$5Uk
=EST  \\$a1
=FFP  \\$aY$bBLDSS-3PM
=FIN  \\$aY
=LEO  \\$aMP10.0000631364
=LKR  \\$aPAR$b010491545$lBLL01$r776$mJournal of phytopathology (1986. Internet)$nJournal of phytopathology (1986)
=MNI  \\$a0931-1785
=SRC  \\$aDSS01$bbibmp10.200404.2.aa
=TCO  \\$aDEU$bVG WORT$c008
=TOC  \\$aETOC
=UNO  \\$aY
=ACF  \\$aCurrent copyright fee: GBP13.00$c10\0$e01-apr-2003$fGBP13.00$g0$hP$5Uk
=ACF  \\$aCurrent copyright fee: GBP13.00$c10\1$e01-jan-2002$fGBP13.00$g0$hP$5Uk
=ACF  \\$aPrevious copyright fee: GBP15.00$c10\0$e01-apr-2004$fGBP15.00$g0$hP$5Uk
=ACF  \\$aPrevious copyright fee: GBP22.00$c10\0$e01-jan-2006$fGBP22.00$g0$hP$5Uk
=ACF  \\$aPrevious copyright fee: GBP24.00$c10\0$e01-mar-2015$fGBP24.00$g0$hP$5Uk
=ACF  \\$aPrevious copyright fee: GBP24.00$c35\0$e07-mar-2017$fGBP24.00$g0$hP$5Uk
=ACF  \\$aPrevious copyright fee: GBP28.00$c35\0$e01-jan-2019$fGBP28.00$g0$hP$5Uk
=LAS  \\$aIPL-CLA$b00$c20211231$lBLL01$h1542

