=LDR  04867cas a2201177 a 4500
=001  012434109
=003  Uk
=005  20230607115558.0
=006  m\\\\\o\\d\\\\\\\\
=007  cr\cnu||||||||
=008  010710c19849999xxubr\p\o\\\\\0\\\a0eng\\
=FMT  \\$a  SE
=015  \\$aGBB350816$2bnb
=019  c\$a102244238
=019  0\$as668128003
=022  0\$a1540-5885$y0737-6782
=037  \\$aISSN_07376782_2$bPortico$nWiley
=040  \\$aUk$cUk$dUk
=042  \\$aukblsr
=082  04$a658.575$221
=084  \\$aBX 05$2blsrissc
=130  0\$aJournal of product innovation management (Online)
=222  \4$aThe Journal of product innovation management$b(Online)
=245  10$aJournal of product innovation management$h[electronic resource].
=260  \\$a[S.l.] :$bElsevier
=310  \\$aBimonthly,$b1996-
=321  \\$aQuarterly,$b1984-1992
=321  \\$a5 issues a year,$b1993-1995
=336  \\$atext$2rdacontent
=337  \\$acomputer$2rdamedia
=338  \\$aonline resource$2rdacarrier
=362  0\$aVol. 1, no. 1 (Jan. 1984)-
=500  \\$aPublished: [Malden, Mass.] : Blackwell Publishers, 2003-
=516  \\$aComputer files in PDF format
=538  \\$aMode of access: World Wide Web.
=540  \\$aCurrent Copyright fee: GBP46.00$c35\0$5Uk
=650  \0$aNew products$xManagement$vPeriodicals.
=690  7\$aManagement and Business Studies$2blcoll
=710  2\$aProduct Development & Management Association.
=776  08$iPrint version:$tJournal of product innovation management$x0737-6782
=859  \\$aELD$bejournal
=856  \\$31850-9999$uhttp://onlinelibrary.wiley.com/$xBLDSS
=852  41$aBritish Library$bHMNTS$jELD Digital store$3Volume 30:Issue 1(2013:Jan.)-
=852  41$aBritish Library$bDSC$j5042.650000$3Volume 1:Issue 1(1984)-Volume 35:Issue 2(2018)***See ESTAR for full holdings.
=945  \\$aJOURNAL OF PRODUCT INNOVATION MANAGEMENT.
=957  \\$a010709p
=959  \\$fHeld but not currently received
=963  \\$aVOL. 7, 1990- *A=1$bN$cP425.B.128
=979  \\$aBritish Library$bDSC$j5042.650000
=985  \\$aCorrected by BSS-generated file for WR# 08/157
=985  \\$aRecord merged by DQ team
=A02  \\$a102244238
=CAT  \\$aCONV$b00$c20040425$lBLL90$h0713
=CAT  \\$aBATCH-PORT$c20130829$lBLL01$h1114
=CAT  \\$aBATCH-CLA$b00$c20140125$lBLL01$h1308
=CAT  \\$aWR14_009$c20140204$lBLL01$h2342
=CAT  \\$aBATCH-CLA$c20140225$lBLL01$h2320
=CAT  \\$aBLDSS-3PM$b00$c20141214$lBLL01$h1521
=CAT  \\$aBATCH-UPD$b00$c20150215$lBLL01$h1623
=CAT  \\$aIPL-CLA$c20150228$lBLL01$h2046
=CAT  \\$aBATCH-UPD$b00$c20160525$lBLL01$h0738
=CAT  \\$aW1703-0316$c20170306$lBLL01$h1823
=CAT  \\$aW1703-0316$c20170307$lBLL01$h1647
=CAT  \\$aIPL-CLA$c20170307$lBLL01$h1824
=CAT  \\$aW1711-1005$c20171206$lBLL01$h1815
=CAT  \\$aBATCH-UPD$b00$c20180219$lBLL01$h1745
=CAT  \\$aW1805-0471$c20180520$lBLL01$h1138
=CAT  \\$aBATCH-UPD$b00$c20181121$lBLL01$h1621
=CAT  \\$aIPL-CLA$c20181231$lBLL01$h1540
=CAT  \\$aR1911-0245$c20191127$lBLL01$h0822
=CAT  \\$aR1911-0245$c20191127$lBLL01$h1045
=CAT  \\$aIPL-CLA$c20191231$lBLL01$h1922
=CAT  \\$aW2111-0842$c20211208$lBLL01$h1942
=CAT  \\$aIPL-CLA$c20211231$lBLL01$h1542
=CAT  \\$a8055$b40$c20221230$lBLL01$h1148
=CAT  \\$aIPL-CLA$c20221231$lBLL01$h1444
=CAT  \\$a5410$b40$c20230108$lBLL01$h1609
=CAT  \\$a8055$b40$c20230607$lBLL01$h1155
=CFI  0\$aCurrent Copyright fee: GBP46.00$c35\0$e01-jan-2023$fGBP46.00$g0$hP$5Uk
=CFI  2\$aPrevious copyright fee: GBP39.00$c35\0$e01-jan-2022$fGBP39.00$g0$hP$5Uk
=EST  \\$a1
=FFP  \\$aY$bBLDSS-3PM
=FIN  \\$aY
=LEO  \\$aMP25.0000349046
=LEO  \\$aMP10.0000631379
=LKR  \\$aPAR$b010491722$lBLL01$r776$mThe Journal of product innovation management (Online)$nThe Journal of product innovation management
=MNI  \\$a0737-6782
=SRC  \\$aSRI01$bbibmp25.200404.2.aa
=SRC  \\$aDSS01$bbibmp10.200404.2.aa
=TCO  \\$aNLD$bSTICHTING REPRORECHT$c008
=TOC  \\$aETOC
=UNO  \\$aY
=ACF  \\$aCurrent copyright fee: GBP13.00$c10\0$e01-apr-2003$fGBP13.00$g0$hP$5Uk
=ACF  \\$aCurrent copyright fee: GBP13.00$c10\6$e01-jan-2003$fGBP13.00$g0$hP$5Uk
=ACF  \\$aPrevious copyright fee: GBP15.00$c10\0$e01-apr-2004$fGBP15.00$g0$hP$5Uk
=ACF  \\$aPrevious copyright fee: GBP22.00$c10\0$e01-jan-2006$fGBP22.00$g0$hP$5Uk
=ACF  \\$aPrevious copyright fee: GBP24.00$c10\0$e01-mar-2015$fGBP24.00$g0$hP$5Uk
=ACF  \\$aPrevious copyright fee: GBP24.00$c35\0$e07-mar-2017$fGBP24.00$g0$hP$5Uk
=ACF  \\$aPrevious copyright fee: GBP28.00$c35\0$e01-jan-2019$fGBP28.00$g0$hP$5Uk
=ACF  \\$aPrevious Copyright Fee: GBP32.00$c35\0$e01-jan-2020$fGBP32.00$g0$hP$5Uk
=LAS  \\$a8055$b40$c20230607$lBLL01$h1155

