=LDR  04837cas a2201129 a 4500
=001  012434139
=003  Uk
=005  20230113180239.0
=006  m\\\\\o\\d\\\\\\\\
=007  cr\mnu||||||||
=008  040410c19919999xxuqr\p\o\\\\\0\\\a0eng\\
=FMT  \\$a  SE
=010  \\$a2001214608
=015  \\$aGBB348973$2bnb
=019  c\$a102423195
=022  \\$a1532-7795$l1050-8392$y1050-8392$21
=035  \\$a(OCoLC)45007111$z(OCoLC)49891078
=037  \\$aISSN_10508392_2$bPortico$nWiley
=040  \\$aF#A$beng$cF#A$dNSD$dOCL$dOCLCQ$dUQ1$dOCLCQ$dOCLCO$dUk
=042  \\$aukblsr
=050  \4$aHQ796
=082  04$a155.5$222
=130  0\$aJournal of research on adolescence (Online)
=210  0\$aJ. res. adolesc.$b(Online)
=222  \0$aJournal of research on adolescence$b(Online)
=245  10$aJournal of research on adolescence$h[electronic resource].
=260  \\$a[Mahwah, NJ] :$bL. Erlbaum Associates
=310  \\$aQuarterly
=336  \\$atext$2rdacontent
=337  \\$acomputer$2rdamedia
=338  \\$aonline resource$2rdacarrier
=362  1\$aPrint began with vol. 1, no. 1, published in 1991.
=530  \\$aAlso issued in print.
=538  \\$aMode of access: World Wide Web.
=588  \\$aDescription based on: Vol. 10, no. 1 (Jan. 2000); title from journal information screen (viewed July 26, 2000).
=540  \\$aCurrent Copyright Fee: GBP39.00$c35\0$5Uk
=650  \0$aAdolescence$vPeriodicals.
=776  1\$tJournal of research on adolescence$x1050-8392
=859  \\$aELD$bejournal
=856  \\$31850-9999$uhttp://onlinelibrary.wiley.com/$xBLDSS
=852  41$aBritish Library$bHMNTS$jELD Digital store$3Volume 23:Number 1(2013)-***Previous issues available in print copy
=852  41$aBritish Library$bDSC$j5051.920000$3Volume 1:Issue 2(1991)-Volume 28:Issue 1(2018)***See ESTAR for full holdings.
=945  \\$aJOURNAL OF RESEARCH ON ADOLESCENCE.
=959  \\$fHeld but not currently received
=963  \\$aVOL. 10, 2000- *A=1$bN$cU
=979  \\$aBritish Library$bDSC$j5051.920000
=985  \\$aCorrected by BSS-generated file for WR# 08/157
=985  \\$aCorrected by MS generated file for WR# 12.018
=A02  \\$a102423195
=CAT  \\$aCONV$b00$c20040425$lBLL90$h0713
=CAT  \\$aBATCH-CLA$b00$c20121109$lBLL01$h1734
=CAT  \\$aWR12_168$c20121206$lBLL01$h1814
=CAT  \\$aWR13.005$c20130323$lBLL01$h1510
=CAT  \\$a8201$b40$c20130517$lBLL01$h1416
=CAT  \\$aWR13.114$c20130717$lBLL01$h1313
=CAT  \\$aBATCH-PORT$c20130829$lBLL01$h1114
=CAT  \\$aBATCH-CLA$b00$c20140125$lBLL01$h1308
=CAT  \\$aWR14_009$c20140204$lBLL01$h2343
=CAT  \\$aBATCH-CLA$c20140225$lBLL01$h2320
=CAT  \\$aBLDSS-3PM$b00$c20141214$lBLL01$h1521
=CAT  \\$aBATCH-UPD$b00$c20150215$lBLL01$h1623
=CAT  \\$aIPL-CLA$c20150228$lBLL01$h2046
=CAT  \\$aBATCH-UPD$b00$c20160531$lBLL01$h1939
=CAT  \\$aW1703-0316$c20170306$lBLL01$h1823
=CAT  \\$aW1703-0316$c20170307$lBLL01$h1647
=CAT  \\$aIPL-CLA$c20170307$lBLL01$h1824
=CAT  \\$aW1711-1005$c20171206$lBLL01$h1815
=CAT  \\$aBATCH-UPD$b00$c20180219$lBLL01$h1745
=CAT  \\$aW1805-0471$c20180520$lBLL01$h1138
=CAT  \\$aBATCH-UPD$b00$c20181121$lBLL01$h1621
=CAT  \\$aIPL-CLA$c20181231$lBLL01$h1540
=CAT  \\$aR1911-0245$c20191127$lBLL01$h0944
=CAT  \\$aR1911-0245$c20191127$lBLL01$h1045
=CAT  \\$aIPL-CLA$c20191231$lBLL01$h1922
=CAT  \\$a5410$b40$c20230113$lBLL01$h1802
=CFI  0\$aCurrent Copyright Fee: GBP39.00$c35\0$e01-jan-2020$fGBP39.00$g0$hP$5Uk
=CFI  2\$aPrevious copyright fee: GBP28.00$c35\0$e01-jan-2019$fGBP28.00$g0$hP$5Uk
=EST  \\$a1
=FFP  \\$aY$bBLDSS-3PM
=FIN  \\$aY
=LEO  \\$aMP10.0000631409
=LKR  \\$aPAR$b010491974$lBLL01$r776$mJournal of research on adolescence (Online)$nJournal of research on adolescence : the official journal of the Society for Research on Adolescence.
=MNI  \\$a1050-8392
=SID  \\$aZ39$bOCLC
=SRC  \\$aDSS01$bbibmp10.200404.2.aa
=TCO  \\$aTRS$bCCC$c008
=TOC  \\$aETOC
=UNO  \\$aY
=ACF  \\$aPrevious copyright fee: GBP16.00$c10\0$e01-jan-2006$fGBP16.00$g0$hP$5Uk
=ACF  \\$aPrevious copyright fee: GBP15.00$c10\0$e01-apr-2004$fGBP15.00$g0$hP$5Uk
=ACF  \\$aCurrent copyright fee: GBP13.00$c10\0$e01-apr-2003$fGBP13.00$g0$hP$5Uk
=ACF  \\$aCurrent copyright fee: GBP13.00$c10\6$e01-apr-2002$fGBP13.00$g0$hP$5Uk
=ACF  \\$aPrevious copyright fee: GBP17.00$c10\0$e01-jan-2009$fGBP17.00$g0$hP$5Uk
=ACF  \\$aPrevious copyright fee: GBP22.00$c10\0$e01-jan-2011$fGBP22.00$g0$hP$5Uk
=ACF  \\$aPrevious copyright fee: GBP24.00$c10\0$e01-mar-2015$fGBP24.00$g0$hP$5Uk
=ACF  \\$aPrevious copyright fee: GBP24.00$c35\0$e07-mar-2017$fGBP24.00$g0$hP$5Uk
=LAS  \\$a5410$b40$c20230113$lBLL01$h1802

