=LDR  05150cas a2201189 a 4500
=001  012434144
=003  Uk
=005  20191231192243.0
=006  m\\\\\o\\d\\\\\\\\
=007  cr\an|||||||||
=008  000801c19649999pauqr\pso\\\\\0\\\a0eng\c
=FMT  \\$a  SE
=010  \\$a2002211506$z2001227353
=015  \\$aGBB350638$2bnb
=019  c\$a102094986
=022  0\$a1539-6975$l0022-4367$y0022-4367$21
=035  \\$a(OCoLC)44699788$z(OCoLC)48418781$z(OCoLC)50436816$z(OCoLC)51439877
=037  \\$aISSN_00224367$bPortico$nWiley
=040  \\$aHNK$beng$cHNK$dOCLCQ$dNSD$dOCLCQ$dOCL$dOCLCQ$dGUA$dOCLCS$dNSD$dOCLCQ$dWEA$dOCLCQ$dDLC$dOCLCQ$dUk
=042  \\$aukblsr
=043  \\$an-us---
=050  \4$aHG8011$b.J64
=082  04$a368.97305$221
=130  0\$aJournal of risk and insurance (Online)
=210  0\$aJ. risk insur.$b(Online)
=222  \4$aThe Journal of risk and insurance$b(Online)
=245  14$aThe Journal of risk and insurance$h[electronic resource].
=246  30$aRisk and insurance
=260  \\$a[Malvern, PA] :$bAmerican Risk and Insurance Association,$cc1964-
=310  \\$aQuarterly
=336  \\$atext$2rdacontent
=337  \\$acomputer$2rdamedia
=338  \\$aonline resource$2rdacarrier
=362  0\$aVol. 31, no. 1 (Mar. 1964)-
=500  \\$aPublished: [Oxford] : Blackwell Publishers, 2002-
=500  \\$aTitle from content screen (JSTOR, viewed June 8, 2005).
=538  \\$aMode of access: World Wide Web.
=550  \\$aPublished on behalf of the American Risk and Insurance Association.
=588  \\$aLatest issue consulted: Vol. 72, issue 2 (June 2005) (Blackwell Synergy, viewed June 8, 2005).
=540  \\$aCurrent Copyright Fee: GBP32.00$c35\0$5Uk
=650  \0$aInsurance$zUnited States$vPeriodicals.
=690  7\$aManagement and Business Studies$2blcoll
=710  2\$aAmerican Risk and Insurance Association.
=776  08$iPrint version:$tJournal of risk and insurance$x0022-4367
=780  00$tJournal of insurance (Bloomington, Ill. : Online)$x2326-490X
=859  \\$aELD$bejournal
=856  \\$31850-9999$uhttp://onlinelibrary.wiley.com/$xBLDSS
=852  41$aBritish Library$bDSC$j5052.100000$3Volume 70:Issue 2(2003)-Volume 81:Issue 4(2014)***See ESTAR for full holdings.
=852  41$aBritish Library$bHMNTS$jELD Digital store$3Volume 80:Issue 1(2013)-
=945  \\$aJOURNAL OF RISK AND INSURANCE.
=959  \\$fHeld but not currently received
=985  \\$aCorrected by BSS-generated file for WR# 08/157
=985  \\$aCONFERENCE ANALYTIC &RECORDS EXIST
=A02  \\$a102094986
=CAT  \\$aCONV$b00$c20040425$lBLL90$h0713
=CAT  \\$aWR12_168$c20121206$lBLL01$h1814
=CAT  \\$aWR13.005$c20130323$lBLL01$h1510
=CAT  \\$a8201$b40$c20130523$lBLL01$h0934
=CAT  \\$aBATCH-MBS$c20130531$lBLL01$h2117
=CAT  \\$aWR13.114$c20130717$lBLL01$h1313
=CAT  \\$aBATCH-PORT$c20130829$lBLL01$h1114
=CAT  \\$aBATCH-CLA$b00$c20140125$lBLL01$h1308
=CAT  \\$aWR14_009$c20140204$lBLL01$h2343
=CAT  \\$aBATCH-CLA$c20140225$lBLL01$h2320
=CAT  \\$a6162$b40$c20140916$lBLL01$h1621
=CAT  \\$aBLDSS-3PM$b00$c20141214$lBLL01$h1521
=CAT  \\$aBATCH-UPD$b00$c20150215$lBLL01$h1623
=CAT  \\$aIPL-CLA$c20150228$lBLL01$h2046
=CAT  \\$aCDS15-UPD$b40$c20150918$lBLL01$h1639
=CAT  \\$aBATCH-UPD$b40$c20160616$lBLL01$h1733
=CAT  \\$aW1703-0316$c20170306$lBLL01$h1823
=CAT  \\$aW1703-0316$c20170307$lBLL01$h1647
=CAT  \\$aIPL-CLA$c20170307$lBLL01$h1824
=CAT  \\$aW1711-1005$c20171206$lBLL01$h1815
=CAT  \\$aBATCH-UPD$b00$c20180219$lBLL01$h1745
=CAT  \\$aBATCH-UPD$b00$c20181121$lBLL01$h1621
=CAT  \\$aIPL-CLA$c20181231$lBLL01$h1540
=CAT  \\$aR1911-0245$c20191127$lBLL01$h0822
=CAT  \\$aR1911-0245$c20191127$lBLL01$h1045
=CAT  \\$aIPL-CLA$c20191231$lBLL01$h1922
=CFI  0\$aCurrent Copyright Fee: GBP32.00$c35\0$e01-jan-2020$fGBP32.00$g0$hP$5Uk
=CFI  2\$aPrevious copyright fee: GBP28.00$c35\0$e01-jan-2019$fGBP28.00$g0$hP$5Uk
=EST  \\$a1
=FFP  \\$aY$bBLDSS-3PM
=FIN  \\$aY
=LEO  \\$aMP10.0000631414
=LKR  \\$aPAR$b010492021$lBLL01$r776$mThe Journal of risk and insurance (Online)$nJournal of risk and insurance
=MNI  \\$a0022-4367
=SID  \\$aZ39$bOCLC
=SRC  \\$aDSS01$bbibmp10.200404.2.aa
=TCO  \\$aTRS$bCCC$c008
=TOC  \\$aETOC
=UNO  \\$aY
=ACF  \\$aPrevious copyright fee: GBP16.00$c10\0$e01-jan-2006$fGBP16.00$g0$hP$5Uk
=ACF  \\$aPrevious copyright fee: GBP15.00$c10\0$e01-apr-2004$fGBP15.00$g0$hP$5Uk
=ACF  \\$aCurrent copyright fee: GBP13.00$c10\0$e01-apr-2003$fGBP13.00$g0$hP$5Uk
=ACF  \\$aCurrent copyright fee: GBP13.00$c10\6$e01-apr-2002$fGBP13.00$g0$hP$5Uk
=ACF  \\$aPrevious copyright fee: GBP17.00$c10\0$e01-jan-2009$fGBP17.00$g0$hP$5Uk
=ACF  \\$aPrevious copyright fee: GBP22.00$c10\0$e01-jan-2011$fGBP22.00$g0$hP$5Uk
=ACF  \\$aPrevious copyright fee: GBP24.00$c10\0$e01-mar-2015$fGBP24.00$g0$hP$5Uk
=ACF  \\$aPrevious copyright fee: GBP24.00$c35\0$e07-mar-2017$fGBP24.00$g0$hP$5Uk
=LAS  \\$aIPL-CLA$b00$c20191231$lBLL01$h1922

