=LDR  04866cas a2201153 a 4500
=001  012434205
=003  Uk
=005  20230511162830.0
=006  m\\\\\\\\d\\\\\\\\
=007  cr\|||||||||||
=008  000630c19889999nyubx\pss\\\\\0\\\a0eng\d
=FMT  \\$a  SE
=010  \\$a2004233330
=015  \\$aGBB434650$2bnb
=019  c\$a102345788
=019  0\$as668136006
=022  0\$a1573-6598$y0894-9867
=037  \\$aISSN_08949867$bPortico$nWiley
=040  \\$aUk$cUk$dUk
=042  \\$ansdp$aukblsr
=050  14$aRC552.P67
=050  10$aISSN RECORD
=082  04$a616.8521$222
=084  \\$aFL 50$2blsrissc
=130  0\$aJournal of traumatic stress (Online)
=222  \0$aJournal of traumatic stress$b(Online)
=245  10$aJournal of traumatic stress$h[electronic resource].
=260  \\$a[New York, N.Y.] :$bKluwer Academic/Plenum Publishers
=264  31$a[Hoboken, NJ] :$bPublished on behalf of the International Society for Traumatic Stress Studies by John Wiley & Sons, Inc
=310  \\$aSix no. a year,$b2002-
=321  \\$aQuarterly,$b<1997>-2001
=336  \\$atext$2rdacontent
=337  \\$acomputer$2rdamedia
=338  \\$aonline resource$2rdacarrier
=362  1\$aPrint began with vol. 1, no. 1 (Jan. 1988).
=500  \\$aDescription based on: Vol. 10, issue 1 (Jan. 1997); title from contents screen (publisher's Website, viewed Mar. 5, 2004).
=500  \\$aLatest issue consulted: volume 27, issue 1 (February 2014) (Wiley Online Library, viewed March 27, 2014).
=538  \\$aMode of access: World Wide Web.
=550  \\$a"Official publication for the International Society for Traumatic Stress Studies."
=540  \\$aCurrent copyright fee: GBP32.00$c35\0$5Uk
=650  \0$aPost-traumatic stress disorder$vPeriodicals.
=710  2\$aInternational Society for Traumatic Stress Studies.
=776  08$iAlso issued in print as:$tJournal of traumatic stress$x0894-9867
=859  \\$aELD$bejournal
=856  \\$31850-9999$uhttp://onlinelibrary.wiley.com/$xBLDSS
=852  41$aBritish Library$bHMNTS$jELD Digital store$3Volume 26:Issue 1(2013)-***Previous issues available in print
=852  41$aBritish Library$bDSC$j5070.520000$3Volume 10:Issue 1(1997)-Volume 31:Issue 1(2018)***See ESTAR for full holdings.
=945  \\$aJournal of traumatic stress
=959  \\$fHeld but not currently received
=979  \\$aBritish Library$bDSC$j5070.520000
=A02  \\$a102345788
=CAT  \\$aCONV$b00$c20040425$lBLL90$h0713
=CAT  \\$aBATCH-UPD$b00$c20101116$lBLL01$h1334
=CAT  \\$aIPL-CLA$c20101231$lBLL01$h1508
=CAT  \\$aBATCH-CLA$b00$c20121109$lBLL01$h1734
=CAT  \\$aBATCH-CLA$b00$c20140125$lBLL01$h1308
=CAT  \\$aBATCH-CLA$c20140225$lBLL01$h2320
=CAT  \\$a5997$b40$c20140327$lBLL01$h1356
=CAT  \\$a8311$b40$c20140409$lBLL01$h1046
=CAT  \\$aBLDSS-3PM$b00$c20141214$lBLL01$h1521
=CAT  \\$aBATCH-UPD$b00$c20150215$lBLL01$h1655
=CAT  \\$aIPL-CLA$c20150228$lBLL01$h2046
=CAT  \\$aBATCH-UPD$b00$c20160517$lBLL01$h1720
=CAT  \\$aW1711-1005$c20171206$lBLL01$h1816
=CAT  \\$aBATCH-UPD$b00$c20180219$lBLL01$h1745
=CAT  \\$aW1805-0471$c20180520$lBLL01$h1138
=CAT  \\$aBATCH-UPD$b00$c20181121$lBLL01$h1621
=CAT  \\$aIPL-CLA$c20181231$lBLL01$h1540
=CAT  \\$aR1911-0245$c20191127$lBLL01$h0822
=CAT  \\$aR1911-0245$c20191127$lBLL01$h1045
=CAT  \\$aIPL-CLA$c20191231$lBLL01$h1922
=CAT  \\$aW2111-0842$c20211208$lBLL01$h1942
=CAT  \\$aIPL-CLA$c20211231$lBLL01$h1542
=CAT  \\$a8055$b40$c20230104$lBLL01$h1408
=CAT  \\$a8055$b40$c20230104$lBLL01$h1410
=CAT  \\$a5410$b40$c20230115$lBLL01$h1720
=CAT  \\$aBATCH-FIX$c20230511$lBLL01$h1628
=CFI  0\$aCurrent Copyright Fee: GBP32.00$c35\0$e04-jan-2023$fGBP32.00$g0$hP$5Uk
=CFI  2\$aPrevious copyright fee: GBP39.00$c35\0$e01-jan-2022$fGBP39.00$g0$hP$5Uk
=EST  \\$a1
=FFP  \\$aY$bBLDSS-3PM
=FIN  \\$aY$d20051207
=LEO  \\$aMP10.0000631475
=LEO  \\$aMP25.0000349054
=LET  \0$aJournal of traumatic stress (Electronic)
=MNI  \\$a0894-9867
=SID  \\$aZ39$bOCLC
=SRC  \\$aDSS01$bbibmp10.200404.2.aa
=SRC  \\$aSRI01$bbibmp25.200404.2.aa
=TCO  \\$aTRS$bCCC$c008
=TOC  \\$aETOC
=UNO  \\$aY
=ACF  \\$aPrevious Copyright Fee: GBP32.00$c35\0$e01-jan-2020$fGBP32.00$g0$hP$5Uk
=ACF  \\$aPrevious copyright fee: GBP16.22$c4\4$e01-apr-2005$fGBP16.22$g0$hP$5Uk
=ACF  \\$aPrevious copyright fee: GBP17.00$c35\0$e01-jan-2006$fGBP17.00$g0$hP$5Uk
=ACF  \\$aPrevious copyright fee: GBP22.00$c35\0$e01-jan-2011$fGBP22.00$g0$hP$5Uk
=ACF  \\$aPrevious copyright fee: GBP24.00$c35\0$e01-mar-2015$fGBP24.00$g0$hP$5Uk
=ACF  \\$aPrevious copyright fee: GBP28.00$c35\0$e01-jan-2019$fGBP28.00$g0$hP$5Uk
=LAS  \\$aBATCH-FIX$b00$c20230511$lBLL01$h1628

