=LDR  04863cas a2201177 a 4500
=001  012434417
=003  Uk
=005  20230211161434.0
=006  m\\\\\o\\d\\\\\\\\
=007  cr\mnu||||||||
=008  040410c19869999xxuqr\pso\\\\\0\\\a0eng\\
=FMT  \\$a  SE
=015  \\$aGBB350521$2bnb
=019  c\$a102314567
=022  \\$a1468-0009$l0887-378X$y0887-378X$21
=037  \\$aISSN_0887378X$bPortico$nWiley
=040  \\$aUk$cUk$dUk
=042  \\$aukblsr
=082  04$a362.10973$221
=130  0\$aMilbank quarterly (Online)
=210  0\$aMilbank q.$b(Online)
=222  \4$aThe Milbank quarterly$b(Online)
=245  14$aThe Milbank quarterly$h[electronic resource].
=260  \\$aNew York, N.Y. :$bPublished for the Milbank Memorial Fund by Cambridge University Press,$c1986-
=310  \\$aQuarterly
=336  \\$atext$2rdacontent
=337  \\$acomputer$2rdamedia
=338  \\$aonline resource$2rdacarrier
=362  0\$aVol. 64, no. 1 (1986)-
=500  \\$aTitle from cover (JSTOR, viewed May 10, 2006).
=500  \\$aPublished: Cambridge, MA and Oxford, UK by Blackwell Publishers, 1994-
=525  \\$aSupplements accompany volumes for 1986-1991.
=530  \\$aAlso issued in print.
=538  \\$aMode of access: World Wide Web.
=595  \\$aFORMERLY 5766.0 UP TO VOL. 63, 1985.
=540  \\$aCurrent Copyright Fee: GBP39.00$c35\0$5Uk
=650  \0$aSocial medicine$zUnited States$vPeriodicals.
=650  \0$aMedical policy$zUnited States$vPeriodicals.
=650  \0$aPublic health$zUnited States$vPeriodicals.
=610  20$aMilbank Memorial Fund$vPeriodicals.
=690  7\$aSocial Welfare$2blcoll
=710  2\$aMilbank Memorial Fund.
=776  1\$tMilbank quarterly$x0887-378X
=780  00$tMilbank Memorial Fund quarterly. Health and society (Online)
=859  \\$aELD$bejournal
=856  \\$31850-9999$uhttp://onlinelibrary.wiley.com/$xBLDSS
=852  41$aBritish Library$bDSC$j5766.040000$3Volume 81:Issue 2(2003)-Volume 96:Issue 1(2018)***See ESTAR for full holdings.
=852  41$aBritish Library$bHMNTS$jELD Digital store$3Volume 91:Issue 1(2013)-***Previous issues available in print copy
=945  \\$aMILBANK QUARTERLY.
=959  \\$fHeld but not currently received
=963  \\$aVOL. 64, 1986- *A=1$bN$cP334.C.47
=979  \\$aBritish Library$bDSC$j5766.040000
=A02  \\$a102314567
=CAT  \\$aCONV$b00$c20040425$lBLL90$h0713
=CAT  \\$aWR13.005$c20130323$lBLL01$h1510
=CAT  \\$a8874$b40$c20130522$lBLL01$h1418
=CAT  \\$a8874$b40$c20130522$lBLL01$h1419
=CAT  \\$aBATCH-SWP$c20130531$lBLL01$h2318
=CAT  \\$aWR13.114$c20130717$lBLL01$h1313
=CAT  \\$aBATCH-PORT$c20130829$lBLL01$h1114
=CAT  \\$aBATCH-CLA$b00$c20140125$lBLL01$h1309
=CAT  \\$aWR14_009$c20140204$lBLL01$h2342
=CAT  \\$aBATCH-CLA$c20140225$lBLL01$h2320
=CAT  \\$aBLDSS-3PM$b00$c20141214$lBLL01$h1521
=CAT  \\$aBATCH-UPD$b00$c20150215$lBLL01$h1624
=CAT  \\$aIPL-CLA$c20150228$lBLL01$h2046
=CAT  \\$aBATCH-UPD$b00$c20160609$lBLL01$h0956
=CAT  \\$aW1703-0316$c20170306$lBLL01$h1823
=CAT  \\$aW1703-0316$c20170307$lBLL01$h1647
=CAT  \\$aIPL-CLA$c20170307$lBLL01$h1824
=CAT  \\$aW1711-1005$c20171206$lBLL01$h1816
=CAT  \\$aBATCH-UPD$b00$c20180219$lBLL01$h1745
=CAT  \\$aW1805-0471$c20180520$lBLL01$h1138
=CAT  \\$aBATCH-UPD$b00$c20181121$lBLL01$h1621
=CAT  \\$aIPL-CLA$c20181231$lBLL01$h1540
=CAT  \\$aR1911-0245$c20191127$lBLL01$h0944
=CAT  \\$aR1911-0245$c20191127$lBLL01$h1045
=CAT  \\$aIPL-CLA$c20191231$lBLL01$h1922
=CAT  \\$a5410$b40$c20230211$lBLL01$h1614
=CFI  0\$aCurrent Copyright Fee: GBP39.00$c35\0$e01-jan-2020$fGBP39.00$g0$hP$5Uk
=CFI  2\$aPrevious copyright fee: GBP28.00$c35\0$e01-jan-2019$fGBP28.00$g0$hP$5Uk
=EST  \\$a1
=FFP  \\$aY$bBLDSS-3PM
=FIN  \\$aY
=LEO  \\$aMP10.0000631687
=LEO  \\$aMP22.0000062236
=MNI  \\$a0887-378X
=SRC  \\$aISN01$bbibmp22.200404.2.aa
=SRC  \\$aDSS01$bbibmp10.200404.2.aa
=TCO  \\$aTRS$bCCC$c008
=TOC  \\$aETOC
=UNO  \\$aY
=ACF  \\$aPrevious copyright fee: GBP16.00$c10\0$e01-jan-2006$fGBP16.00$g0$hP$5Uk
=ACF  \\$aPrevious copyright fee: GBP15.00$c10\0$e01-apr-2004$fGBP15.00$g0$hP$5Uk
=ACF  \\$aCurrent copyright fee: GBP13.00$c10\0$e01-apr-2003$fGBP13.00$g0$hP$5Uk
=ACF  \\$aCurrent copyright fee: GBP13.00$c10\6$e01-apr-2002$fGBP13.00$g0$hP$5Uk
=ACF  \\$aPrevious copyright fee: GBP17.00$c10\0$e01-jan-2009$fGBP17.00$g0$hP$5Uk
=ACF  \\$aPrevious copyright fee: GBP22.00$c10\0$e01-jan-2011$fGBP22.00$g0$hP$5Uk
=ACF  \\$aPrevious copyright fee: GBP24.00$c10\0$e01-mar-2015$fGBP24.00$g0$hP$5Uk
=ACF  \\$aPrevious copyright fee: GBP24.00$c35\0$e07-mar-2017$fGBP24.00$g0$hP$5Uk
=LAS  \\$a5410$b40$c20230211$lBLL01$h1614

