=LDR  05577cas a2201225 a 4500
=001  012434430
=003  Uk
=005  20230211161839.0
=006  m\\\\\o\\d\\\\\\\\
=007  cr\cnu||||||||
=008  990413c19169999wiuqr\pso\o\\\0\\\a0eng\c
=FMT  \\$a  SE
=010  \\$a2002212887$z2002227130
=015  \\$aGBB350642$2bnb
=019  c\$a102109819
=022  0\$a1540-4781$l0026-7902$y0026-7902$21
=035  \\$a(OCoLC)41157033$z(OCoLC)44540432$z(OCoLC)49962770$z(OCoLC)50709600
=037  \\$aISSN_00267902$bPortico$nWiley
=040  \\$aUV$beng$cUV$dOCL$dNSD$dOCLCQ$dMUQ$dOCLCQ$dOCLCO$dOCLCQ$dUk
=042  \\$aukblsr
=050  14$aPB1
=082  04$a407$223
=130  0\$aModern language journal (Online)
=210  0\$aMod. land. j.$b(Online)
=222  \4$aThe modern language journal$b(Online)
=245  14$aThe modern language journal$h[electronic resource].
=246  13$aMLJ
=260  \\$aMadison, Wis. :$bNational Federation of Modern Language Teachers Associations,$c1916-
=336  \\$atext$2rdacontent
=337  \\$acomputer$2rdamedia
=338  \\$aonline resource$2rdacarrier
=362  1\$aPrint began with vol. 1, no. 1 (Oct. 1916).
=500  \\$aTitle from title screen (viewed Oct. 2, 2002).
=500  \\$aPlace of publication varies.
=500  \\$aPublisher varies: Federation of Modern Language Teachers Associations (with the Association of Modern Language Teachers of the Central West and South), 1916-May 1919; National Federation of Modern Language Teachers, Oct. 1919-Feb. 1947; National Federation of Modern Language Teachers Associations, Mar. 1947-1998; Blackwell Publishers, 1999-
=530  \\$aAlso issued in print.
=538  \\$aMode of access: World Wide Web.
=588  \\$aLatest issue consulted: Vol. 86, issue 1 (spring 2002).
=540  \\$aCurrent copyright fee: GBP39.00$c35\0$5Uk
=650  \0$aLanguages, Modern$vPeriodicals.
=650  \0$aLanguages, Modern$xStudy and teaching$vPeriodicals.
=710  2\$aNational Federation of Modern Language Teachers Associations.
=710  2\$aNational Federation of Modern Language Teachers.
=710  2\$aFederation of Modern Language Teachers Associations.
=710  2\$aAssociation of Modern Language Teachers of the Central West and South.
=776  1\$aModern language journal$x0026-7902
=859  \\$aELD$bejournal
=856  \\$31850-9999$uhttp://onlinelibrary.wiley.com/$xBLDSS
=852  41$aBritish Library$bHMNTS$jELD Digital store$3Volume 97:Issue 1(2013)-
=852  41$aBritish Library$bDSC$j5887.500000$3Volume 1:Issue 1(1916)-Volume 102:Issue 1(2018)***See ESTAR for full holdings.
=945  \\$aMODERN LANGUAGE JOURNAL.
=959  \\$fHeld but not currently received
=963  \\$aVOL. 66, 1982- *A=1$bY$cP760.B.132
=979  \\$aBritish Library$bDSC$j5887.500000
=985  \\$aCorrected by BSS-generated file for WR# 08/157
=A02  \\$a102109819
=CAT  \\$aCONV$b00$c20040425$lBLL90$h0713
=CAT  \\$a8201$b40$c20130523$lBLL01$h0940
=CAT  \\$a11249$b40$c20130610$lBLL01$h1608
=CAT  \\$aWR13.114$c20130717$lBLL01$h1313
=CAT  \\$aBATCH-PORT$c20130829$lBLL01$h1114
=CAT  \\$aBATCH-CLA$b00$c20140125$lBLL01$h1312
=CAT  \\$aWR14_009$c20140204$lBLL01$h2343
=CAT  \\$aBATCH-CLA$c20140225$lBLL01$h2320
=CAT  \\$aBLDSS-3PM$b00$c20141214$lBLL01$h1521
=CAT  \\$aBATCH-UPD$b00$c20150215$lBLL01$h1624
=CAT  \\$aIPL-CLA$c20150228$lBLL01$h2046
=CAT  \\$aBATCH-UPD$b00$c20160517$lBLL01$h1825
=CAT  \\$aW1703-0316$c20170306$lBLL01$h1823
=CAT  \\$aW1703-0316$c20170307$lBLL01$h1647
=CAT  \\$aIPL-CLA$c20170307$lBLL01$h1824
=CAT  \\$aW1711-1005$c20171206$lBLL01$h1816
=CAT  \\$aBATCH-UPD$b00$c20180219$lBLL01$h1745
=CAT  \\$aW1805-0471$c20180520$lBLL01$h1138
=CAT  \\$aBATCH-UPD$b00$c20181121$lBLL01$h1621
=CAT  \\$aIPL-CLA$c20181231$lBLL01$h1540
=CAT  \\$aR1911-0245$c20191127$lBLL01$h0822
=CAT  \\$aR1911-0245$c20191127$lBLL01$h1045
=CAT  \\$aIPL-CLA$c20191231$lBLL01$h1922
=CAT  \\$aW2111-0842$c20211208$lBLL01$h1942
=CAT  \\$aIPL-CLA$c20211231$lBLL01$h1542
=CAT  \\$a5410$b40$c20230211$lBLL01$h1618
=CFI  0\$aCurrent copyright fee: GBP39.00$c35\0$e01-jan-2022$fGBP39.00$g0$hP$5Uk
=CFI  2\$aPrevious Copyright Fee: GBP32.00$c35\0$e01-jan-2020$fGBP32.00$g0$hP$5Uk
=EST  \\$a1
=FFP  \\$aY$bBLDSS-3PM
=FIN  \\$aY
=LEO  \\$aMP10.0000631700
=LKR  \\$aPAR$b011766880$lBLL01$r776$mThe modern language journal (Online)$nThe Modern language journal (Boulder, Colo.)
=MNI  \\$a0026-7902
=SID  \\$aZ39$bOCLC
=SRC  \\$aDSS01$bbibmp10.200404.2.aa
=TCO  \\$aTRS$bCCC$c008
=TOC  \\$aETOC
=UNO  \\$aY
=ACF  \\$aPrevious copyright fee: GBP16.00$c10\0$e01-jan-2006$fGBP16.00$g0$hP$5Uk
=ACF  \\$aPrevious copyright fee: GBP15.00$c10\0$e01-apr-2004$fGBP15.00$g0$hP$5Uk
=ACF  \\$aCurrent copyright fee: GBP13.00$c10\0$e01-apr-2003$fGBP13.00$g0$hP$5Uk
=ACF  \\$aCurrent copyright fee: GBP13.00$c10\6$e01-apr-2002$fGBP13.00$g0$hP$5Uk
=ACF  \\$aPrevious copyright fee: GBP17.00$c10\0$e01-jan-2009$fGBP17.00$g0$hP$5Uk
=ACF  \\$aPrevious copyright fee: GBP22.00$c10\0$e01-jan-2011$fGBP22.00$g0$hP$5Uk
=ACF  \\$aPrevious copyright fee: GBP24.00$c10\0$e01-mar-2015$fGBP24.00$g0$hP$5Uk
=ACF  \\$aPrevious copyright fee: GBP24.00$c35\0$e07-mar-2017$fGBP24.00$g0$hP$5Uk
=ACF  \\$aPrevious copyright fee: GBP28.00$c35\0$e01-jan-2019$fGBP28.00$g0$hP$5Uk
=LAS  \\$a5410$b40$c20230211$lBLL01$h1618

