=LDR  05225cas a2201201 a 4500
=001  012434500
=003  Uk
=005  20221009172204.0
=006  m\\\\\o\\d\\\\\\\\
=007  cr\mnu||||||||
=008  000602c19859999mauqr\pso\\\\\0\\\a0eng\c
=FMT  \\$a  SE
=010  \\$a2010233043
=015  \\$aGBB350644$2bnb
=019  c\$a102265934
=022  \\$a1571-9979$l0748-4526$y0748-4526$2j
=030  \\$aNEJOEQ
=035  \\$a(OCoLC)44168829$z(OCoLC)226114132$z(OCoLC)631269776$z(OCoLC)749930977
=037  \\$aISSN_07484526$bPortico$nWiley
=040  \\$aF#A$beng$cF#A$dOCLCQ$dMUQ$dRBN$dOCL$dEYM$dSYB$dGUA$dOCLCQ$dBUF$dNZAUC$dAUD$dCEF$dAU@$dUKMGB$dOCLCQ$dUk
=042  \\$aukblsr
=050  14$aHD42
=082  04$a302.3$222
=130  0\$aNegotiation journal (Online)
=222  \0$aNegotiation journal$b(Online)
=245  10$aNegotiation journal$h[electronic resource].
=260  \\$3<1985>-2003 :$a[New York, N.Y.] :$bPlenum Pub.
=260  3\$32004- :$aMalden, MA :$bBlackwell
=310  \\$aQuarterly
=336  \\$atext$2rdacontent
=337  \\$acomputer$2rdamedia
=338  \\$aonline resource$2rdacarrier
=362  1\$aPrint began with vol. 1, no. 1 (Jan. 1985).
=538  \\$aMode of access: World Wide Web.
=550  \\$aPublished by the Program on Negotiation at Harvard Law School and Blackwell Publishing, <2002->
=588  \\$aDescription based on: Vol. 12, no. 1 (Jan. 1996); title from journal information screen (Wiley InterScience, viewed Feb. 5, 2010).
=588  \\$aLatest issue consulted: Vol. 27, issue 3 (July 2011) (Wiley Online Library, viewed Oct. 13, 2011).
=540  \\$aCurrent Copyright Fee: GBP32.00$c35\0$5Uk
=690  7\$aManagement and Business Studies$2blcoll
=690  7\$aSocial Welfare$2blcoll
=650  \0$aConflict management$vPeriodicals.
=650  \0$aNegotiation$vPeriodicals.
=650  \0$aDispute resolution (Law)$vPeriodicals.
=710  2\$aProgram on Negotiation at Harvard Law School.
=776  08$iPrint version:$tNegotiation journal$x0748-4526
=859  \\$aELD$bejournal
=856  \\$31850-9999$uhttp://onlinelibrary.wiley.com/$xBLDSS
=852  41$aBritish Library$bHMNTS$jELD Digital store$3Volume 29:Issue 1(2013)-
=852  41$aBritish Library$bDSC$j6075.154000$3Volume 13:Issue 1(1997)-Volume 30:Issue 4(2014)***See ESTAR for full holdings.
=945  \\$aNEGOTIATION JOURNAL.
=959  \\$fHeld but not currently received
=963  \\$aVOL. 1, 1985- *A=1$bY$cL229.C.629
=979  \\$aBritish Library$bDSC$j6075.154000
=985  \\$aCorrected by BSS-generated file for WR# 08/157
=985  \\$aCorrected by MS generated file for WR# 12.018
=A02  \\$a102265934
=CAT  \\$aCONV$b00$c20040425$lBLL90$h0713
=CAT  \\$aBATCH-CLA$b00$c20121109$lBLL01$h1734
=CAT  \\$aWR13.005$c20130323$lBLL01$h1510
=CAT  \\$a8201$b40$c20130523$lBLL01$h0943
=CAT  \\$aWR13.114$c20130717$lBLL01$h1313
=CAT  \\$aBATCH-PORT$c20130829$lBLL01$h1114
=CAT  \\$aBATCH-CLA$b00$c20140125$lBLL01$h1313
=CAT  \\$aWR14_009$c20140204$lBLL01$h2343
=CAT  \\$aBATCH-CLA$c20140225$lBLL01$h2320
=CAT  \\$aBLDSS-3PM$b00$c20141214$lBLL01$h1521
=CAT  \\$aBATCH-UPD$b00$c20150215$lBLL01$h1624
=CAT  \\$aIPL-CLA$c20150228$lBLL01$h2046
=CAT  \\$aCDS15-UPD$b40$c20150918$lBLL01$h1639
=CAT  \\$aBATCH-UPD$b40$c20160531$lBLL01$h1950
=CAT  \\$aW1703-0316$c20170306$lBLL01$h1823
=CAT  \\$aW1703-0316$c20170307$lBLL01$h1647
=CAT  \\$aIPL-CLA$c20170307$lBLL01$h1824
=CAT  \\$aW1711-1005$c20171206$lBLL01$h1816
=CAT  \\$aBATCH-UPD$b00$c20180219$lBLL01$h1745
=CAT  \\$aBATCH-UPD$b00$c20181121$lBLL01$h1621
=CAT  \\$aIPL-CLA$c20181231$lBLL01$h1540
=CAT  \\$aR1911-0245$c20191127$lBLL01$h0822
=CAT  \\$aR1911-0245$c20191127$lBLL01$h1045
=CAT  \\$aIPL-CLA$c20191231$lBLL01$h1922
=CAT  \\$a5410$b40$c20200906$lBLL01$h2017
=CAT  \\$a5410$b40$c20221009$lBLL01$h1722
=CFI  0\$aCurrent Copyright Fee: GBP32.00$c35\0$e01-jan-2020$fGBP32.00$g0$hP$5Uk
=CFI  2\$aPrevious copyright fee: GBP28.00$c35\0$e01-jan-2019$fGBP28.00$g0$hP$5Uk
=EST  \\$a1
=FFP  \\$aY$bBLDSS-3PM
=FIN  \\$aY
=LEO  \\$aMP10.0000631770
=LKR  \\$aPAR$b012418838$lBLL01$r776$mNegotiation journal (Online)$nNegotiation journal.
=MNI  \\$a0748-4526
=SRC  \\$aDSS01$bbibmp10.200404.2.aa
=TCO  \\$aNLD$bSTICHTING REPRORECHT$c008
=TOC  \\$aETOC
=UNO  \\$aY
=ACF  \\$aPrevious copyright fee: GBP16.00$c10\0$e01-jan-2006$fGBP16.00$g0$hP$5Uk
=ACF  \\$aPrevious copyright fee: GBP15.00$c10\0$e01-apr-2004$fGBP15.00$g0$hP$5Uk
=ACF  \\$aCurrent copyright fee: GBP13.00$c10\0$e01-jan-2004$fGBP13.00$g0$hP$5Uk
=ACF  \\$aCurrent copyright fee: GBP15.63$c4\4$e01-jan-2003$fGBP15.63$g0$hP$5Uk
=ACF  \\$aPrevious copyright fee: GBP17.00$c10\0$e01-jan-2009$fGBP17.00$g0$hP$5Uk
=ACF  \\$aPrevious copyright fee: GBP22.00$c10\0$e01-jan-2011$fGBP22.00$g0$hP$5Uk
=ACF  \\$aPrevious copyright fee: GBP24.00$c10\0$e01-mar-2015$fGBP24.00$g0$hP$5Uk
=ACF  \\$aPrevious copyright fee: GBP24.00$c35\0$e07-mar-2017$fGBP24.00$g0$hP$5Uk
=LAS  \\$a5410$b40$c20221009$lBLL01$h1722

