=LDR  04678cas a2201129 a 4500
=001  012434504
=003  Uk
=005  20230507182913.0
=006  m\\\\fo\\d\\\\\\\\
=007  cr\mnu||||||||
=008  040410c19959999at\bx\p\o\\\\\0\\\a0eng\\
=FMT  \\$a  SE
=015  \\$aGBB350533$2bnb
=019  c\$a102512396
=022  0\$a1440-1797$y1320-5358
=037  \\$aISSN_13205358$bPortico$nWiley
=040  \\$aUk$cUk$dUk
=042  \\$aukblsr
=082  04$a616.61$222
=082  04$a616.61$221
=130  0\$aNephrology (Carlton, Vic. : Online)
=222  \0$aNephrology$b(Carlton, Vic. Online)
=245  10$aNephrology$h[electronic resource].
=260  \\$a[Carlton, Vic., Australia] :$bBlackwell Science
=310  \\$aEight issues a year,$b2008-
=321  \\$aQuarterly,$b1995-2000
=321  \\$aBimonthly,$b2001-2007
=336  \\$atext$2rdacontent
=337  \\$acomputer$2rdamedia
=338  \\$aonline resource$2rdacarrier
=362  1\$aPrint began with vol. 1 in 1995?
=525  \\$aSupplements accompany some issues.
=538  \\$aMode of access: World Wide Web.
=550  \\$aOfficial journal of the Asian Pacific Society of Nephrology.
=588  \\$aDescription based on: Vol. 5, issue 1/2 (Mar. 2000); title from table of contents page (publisher Web site, viewed Nov. 1, 2000).
=588  \\$aLatest issue consulted: Vol. 15, issue 4 (June 2010) (viewed Jun. 18, 2010) .
=540  \\$aCurrent Copyright Fee: GBP39.00$c35\0$5Uk
=650  \0$aNephrology$vPeriodicals.
=650  \0$aKidneys$xDiseases$vPeriodicals.
=650  \0$aNephrologists$vPeriodicals.
=776  08$iPrint version:$tNephrology (Carlton, Vic.)$x1320-5358
=859  \\$aELD$bejournal
=856  \\$31850-9999$uhttp://onlinelibrary.wiley.com/$xBLDSS
=852  41$aBritish Library$bDSC$j6075.684400$3Volume 3:Issue 1(1997)-Volume 23:Issue 4(2018)***See ESTAR for full holdings.
=852  41$aBritish Library$bSTI$jELD Digital store$3Volume 18:Issue 3(2013)-***Previous issues available in print copy
=945  \\$aNephrology -Carlton-
=959  \\$fHeld but not currently received
=979  \\$aBritish Library$bDSC$j6075.684400
=985  \\$aCONFERENCE ANALYTIC RECORDS EXIST
=985  \\$aCorrected by MS generated file for WR# 12.018
=A02  \\$a102512396
=CAT  \\$aCONV$b00$c20040425$lBLL90$h0713
=CAT  \\$a10997$b40$c20121030$lBLL01$h1308
=CAT  \\$aBATCH-CLA$b00$c20121109$lBLL01$h1734
=CAT  \\$aWR13.005$c20130323$lBLL01$h1510
=CAT  \\$a8456$b40$c20130522$lBLL01$h1436
=CAT  \\$aWR13.114$c20130717$lBLL01$h1313
=CAT  \\$aBATCH-PORT$c20130829$lBLL01$h1114
=CAT  \\$aBATCH-CLA$b00$c20140125$lBLL01$h1313
=CAT  \\$aWR14_009$c20140204$lBLL01$h2344
=CAT  \\$aBATCH-CLA$c20140225$lBLL01$h2320
=CAT  \\$aBLDSS-3PM$b00$c20141214$lBLL01$h1521
=CAT  \\$aBATCH-UPD$b00$c20150215$lBLL01$h1624
=CAT  \\$aIPL-CLA$c20150228$lBLL01$h2046
=CAT  \\$aBATCH-UPD$b00$c20160519$lBLL01$h2209
=CAT  \\$aW1703-0316$c20170306$lBLL01$h1823
=CAT  \\$aW1703-0316$c20170307$lBLL01$h1647
=CAT  \\$aIPL-CLA$c20170307$lBLL01$h1824
=CAT  \\$aW1711-1005$c20171206$lBLL01$h1816
=CAT  \\$aBATCH-UPD$b00$c20180219$lBLL01$h1745
=CAT  \\$aW1805-0471$c20180520$lBLL01$h1138
=CAT  \\$aBATCH-UPD$b00$c20181121$lBLL01$h1621
=CAT  \\$aIPL-CLA$c20181231$lBLL01$h1540
=CAT  \\$aR1911-0245$c20191127$lBLL01$h0944
=CAT  \\$aR1911-0245$c20191127$lBLL01$h1045
=CAT  \\$aIPL-CLA$c20191231$lBLL01$h1922
=CAT  \\$a5410$b40$c20230507$lBLL01$h1829
=CFI  0\$aCurrent Copyright Fee: GBP39.00$c35\0$e01-jan-2020$fGBP39.00$g0$hP$5Uk
=CFI  2\$aPrevious copyright fee: GBP28.00$c35\0$e01-jan-2019$fGBP28.00$g0$hP$5Uk
=EST  \\$a1
=FFP  \\$aY$bBLDSS-3PM
=FIN  \\$aY
=LEO  \\$aMP10.0000631774
=LKR  \\$aPAR$b012419116$lBLL01$r776$mNephrology (Carlton, Vic. Online)$nNephrology (Carlton. Print)
=MNI  \\$a1320-5358
=SID  \\$aZ39$bOCLC
=SRC  \\$aDSS01$bbibmp10.200404.2.aa
=TCO  \\$aAUS$bCAL$c008
=TOC  \\$aETOC
=UNO  \\$aY
=ACF  \\$aCurrent copyright fee: GBP13.00$c10\0$e01-apr-2003$fGBP13.00$g0$hP$5Uk
=ACF  \\$aCurrent copyright fee: GBP13.00$c10\3$e01-jan-2002$fGBP13.00$g0$hP$5Uk
=ACF  \\$aPrevious copyright fee: GBP15.00$c10\0$e01-apr-2004$fGBP15.00$g0$hP$5Uk
=ACF  \\$aPrevious copyright fee: GBP22.00$c10\0$e01-jan-2006$fGBP22.00$g0$hP$5Uk
=ACF  \\$aPrevious copyright fee: GBP24.00$c10\0$e01-mar-2015$fGBP24.00$g0$hP$5Uk
=ACF  \\$aPrevious copyright fee: GBP24.00$c35\0$e07-mar-2017$fGBP24.00$g0$hP$5Uk
=LAS  \\$a5410$b40$c20230507$lBLL01$h1829

