=LDR  05070cas a2201177 a 4500
=001  012434718
=003  Uk
=005  20221012083217.0
=006  m\\\\\\\\d\\\\\\\\
=007  cr||||||||||||
=008  960424c19719999mauqr\p\o\\\\\0\\\a0eng\\
=FMT  \\$a  SE
=010  \\$asn 96005095$zsn 99023362
=015  \\$aGBB350723$2bnb
=019  c\$a102124419
=022  0\$a1088-4963$21
=035  \\$a(OCoLC)34620910$z(OCoLC)40777411$z(OCoLC)50719634$z(OCoLC)137342507$z(OCoLC)557718698$z(OCoLC)607791402$z(OCoLC)655332161$z(OCoLC)655441643
=037  \\$aISSN_00483915$bPortico$nWiley
=040  \\$aNSD$beng$cNSD$dOCL$dDLC$dNSD$dOCLCQ$dEYM$dIUL$dF#A$dMUQ$dSERSO$dOCLCE$dAZU$dIAD$dFJM$dOCL$dDLC$dOCLCQ$dUk
=042  \\$aukblsr
=050  10$aISSN RECORD
=050  14$aH1
=082  04$a300.5$223
=130  0\$aPhilosophy & public affairs (Online)
=210  0\$aPhilos. public aff.$b(Online)
=222  \0$aPhilosophy and public affairs$b(Online)
=245  10$aPhilosophy & public affairs$h[electronic resource].
=246  3\$aPhilosophy and public affairs
=260  \\$aPrinceton, NJ :$bPrinceton University Press
=260  2\$3<-2007> :$a[Oxford, UK :$bBlackwell Pub.]
=260  3\$3<2011-> :$aMalden, MA :$bJohn Wiley & Sons
=310  \\$aQuarterly
=336  \\$atext$2rdacontent
=337  \\$acomputer$2rdamedia
=338  \\$aonline resource$2rdacarrier
=362  1\$aPrint began with vol. 1, no. 1 (fall 1971).
=588  \\$aDescription based on: Vol. 1, iss. 1 (fall 1971); title from cover image (JSTOR, viewed Sep. 7, 2011).
=588  \\$aLatest issue consulted: Vol. 39, iss. 2 (spring 2011) (viewed Sep. 6, 2011).
=516  \\$aPDF format.
=540  \\$aCurrent copyright fee: GBP39.00$c35\0$5Uk
=650  \0$aSocial sciences$vPeriodicals.
=650  \0$aSocial history$vPeriodicals.
=710  2\$aPrinceton University.
=776  08$iPrint version:$tPhilosophy & public affairs$x0048-3915
=859  \\$aELD$bejournal
=856  \\$31850-9999$uhttp://onlinelibrary.wiley.com/$xBLDSS
=852  41$aBritish Library$bHMNTS$jELD Digital store$3Volume 41:Issue 1(2013)-
=852  41$aBritish Library$bDSC$j6464.650000$3Volume 33:Issue 1(2005)-Volume 42:Issue 4(2014)***See ESTAR for full holdings.
=945  \\$aPHILOSOPHY AND PUBLIC AFFAIRS.
=959  \\$fHeld but not currently received
=979  \\$aBritish Library$bDSC$j6464.650000
=A02  \\$a102124419
=CAT  \\$aCONV$b00$c20040425$lBLL90$h0713
=CAT  \\$a8201$b40$c20130523$lBLL01$h1147
=CAT  \\$aWR13.114$c20130717$lBLL01$h1313
=CAT  \\$aBATCH-PORT$c20130829$lBLL01$h1114
=CAT  \\$aBATCH-CLA$b00$c20140125$lBLL01$h1255
=CAT  \\$aWR14_009$c20140204$lBLL01$h2341
=CAT  \\$aBATCH-CLA$c20140225$lBLL01$h2320
=CAT  \\$aBLDSS-3PM$b00$c20141214$lBLL01$h1521
=CAT  \\$aBATCH-UPD$b00$c20150215$lBLL01$h1624
=CAT  \\$aIPL-CLA$c20150228$lBLL01$h2047
=CAT  \\$aCDS15-UPD$b40$c20150918$lBLL01$h1639
=CAT  \\$aBATCH-UPD$b40$c20160731$lBLL01$h2355
=CAT  \\$aW1703-0316$c20170306$lBLL01$h1823
=CAT  \\$aW1703-0316$c20170307$lBLL01$h1647
=CAT  \\$aIPL-CLA$c20170307$lBLL01$h1824
=CAT  \\$aW1711-1005$c20171206$lBLL01$h1816
=CAT  \\$aBATCH-UPD$b00$c20180219$lBLL01$h1745
=CAT  \\$aBATCH-UPD$b00$c20181121$lBLL01$h1621
=CAT  \\$aIPL-CLA$c20181231$lBLL01$h1540
=CAT  \\$aR1911-0245$c20191127$lBLL01$h0822
=CAT  \\$aR1911-0245$c20191127$lBLL01$h1045
=CAT  \\$aIPL-CLA$c20191231$lBLL01$h1922
=CAT  \\$a5410$b40$c20200820$lBLL01$h2109
=CAT  \\$aW2111-0842$c20211208$lBLL01$h1942
=CAT  \\$aIPL-CLA$c20211231$lBLL01$h1542
=CAT  \\$a5410$b40$c20221012$lBLL01$h0832
=CFI  0\$aCurrent copyright fee: GBP39.00$c35\0$e01-jan-2022$fGBP39.00$g0$hP$5Uk
=CFI  2\$aPrevious Copyright Fee: GBP32.00$c35\0$e01-jan-2020$fGBP32.00$g0$hP$5Uk
=EST  \\$a1
=FFP  \\$aY$bBLDSS-3PM
=FIN  \\$aY
=LEO  \\$aMP10.0000631988
=LKR  \\$aPAR$b007862237$lBLL01$r776$mPhilosophy and public affairs (Online)$nPhilosophy and public affairs
=MNI  \\$a0048-3915
=SID  \\$aZ39$bOCLC
=SRC  \\$aDSS01$bbibmp10.200404.2.aa
=TCO  \\$aTRS$bCCC$c008
=TOC  \\$aETOC
=UNO  \\$aY
=ACF  \\$aPrevious copyright fee: GBP16.00$c10\0$e01-jan-2006$fGBP16.00$g0$hP$5Uk
=ACF  \\$aPrevious copyright fee: GBP15.00$c10\0$e01-apr-2004$fGBP15.00$g0$hP$5Uk
=ACF  \\$aCurrent copyright fee: GBP13.00$c10\0$e01-jan-2004$fGBP13.00$g0$hP$5Uk
=ACF  \\$aCurrent copyright fee: GBP5.00$c0$e01-jul-2001$fGBP5.00$g0$hC$5Uk
=ACF  \\$aPrevious copyright fee: GBP17.00$c10\0$e01-jan-2009$fGBP17.00$g0$hP$5Uk
=ACF  \\$aPrevious copyright fee: GBP22.00$c10\0$e01-jan-2011$fGBP22.00$g0$hP$5Uk
=ACF  \\$aPrevious copyright fee: GBP24.00$c10\0$e01-mar-2015$fGBP24.00$g0$hP$5Uk
=ACF  \\$aPrevious copyright fee: GBP24.00$c35\0$e07-mar-2017$fGBP24.00$g0$hP$5Uk
=ACF  \\$aPrevious copyright fee: GBP28.00$c35\0$e01-jan-2019$fGBP28.00$g0$hP$5Uk
=LAS  \\$a5410$b40$c20221012$lBLL01$h0832

