=LDR  04252cas a2201045 a 4500
=001  012434727
=003  Uk
=005  20221012083500.0
=006  m\\\\fo\\d\\\\\\\\
=007  cr\un|||||||||
=008  040410c19959999enkqr\p\o\\\\\0\\\a0eng\\
=FMT  \\$a  SE
=015  \\$aGBB350355$2bnb
=019  c\$a102497386
=022  0\$a1440-1835$y1322-0829
=037  \\$aISSN_13220829$bPortico$nWiley
=040  \\$aUk$cUk$dUk
=042  \\$aukblsr
=082  04$a579.8$222
=130  0\$aPhycological research (Online)
=222  \0$aPhycological research$b(Online)
=245  10$aPhycological research$h[electronic resource].
=260  \\$a[Oxford, England ;$aMalden, Mass.] :$bBlackwell Science
=310  \\$aQuarterly
=336  \\$atext$2rdacontent
=337  \\$acomputer$2rdamedia
=338  \\$aonline resource$2rdacarrier
=362  1\$aPrint began with vol. 43, issue 1 (Mar. 1995).
=500  \\$a"Official journal of the Japanese Society of Phycology."
=530  \\$aAlso issued in print.
=538  \\$aMode of access: World Wide Web.
=540  \\$aCurrent Copyright Fee: GBP39.00$c35\0$5Uk
=650  \0$aAlgae$zJapan$vPeriodicals.
=650  \0$aAlgae$vPeriodicals.
=776  1\$tPhycological research (Print)$b1322-0829
=859  \\$aELD$bejournal
=856  \\$31850-9999$uhttp://onlinelibrary.wiley.com/$xBLDSS
=852  41$aBritish Library$bSTI$jELD Digital store$3Volume 61:Issue 1(2013:Jan.)-***Previous issues available in print copy
=852  41$aBritish Library$bDSC$j6474.755000$3Volume 47:Issue 3(1999)-Volume 62:Issue 4(2014)***See ESTAR for full holdings.
=945  \\$aPhycological research
=959  \\$fHeld but not currently received
=979  \\$aBritish Library$bDSC$j6475.755000
=985  \\$aCorrected by BSS-generated file for WR# 08/157
=985  \\$aCorrected by MS generated file for WR# 12.018
=A02  \\$a102497386
=CAT  \\$aCONV$b00$c20040425$lBLL90$h0713
=CAT  \\$aBATCH-CLA$b00$c20121109$lBLL01$h1733
=CAT  \\$a8456$b40$c20130522$lBLL01$h0819
=CAT  \\$a8456$b40$c20130522$lBLL01$h0821
=CAT  \\$aWR13.114$c20130717$lBLL01$h1313
=CAT  \\$aBATCH-PORT$c20130829$lBLL01$h1114
=CAT  \\$aBATCH-CLA$b00$c20140125$lBLL01$h1255
=CAT  \\$aWR14_009$c20140204$lBLL01$h2343
=CAT  \\$aBATCH-CLA$c20140225$lBLL01$h2320
=CAT  \\$aBLDSS-3PM$b00$c20141214$lBLL01$h1521
=CAT  \\$aBATCH-UPD$b00$c20150215$lBLL01$h1624
=CAT  \\$aIPL-CLA$c20150228$lBLL01$h2047
=CAT  \\$aCDS15-UPD$b40$c20150918$lBLL01$h1639
=CAT  \\$aBATCH-UPD$b40$c20160615$lBLL01$h0516
=CAT  \\$aW1703-0316$c20170306$lBLL01$h1823
=CAT  \\$aW1703-0316$c20170307$lBLL01$h1647
=CAT  \\$aIPL-CLA$c20170307$lBLL01$h1824
=CAT  \\$aW1711-1005$c20171206$lBLL01$h1816
=CAT  \\$aBATCH-UPD$b00$c20180219$lBLL01$h1745
=CAT  \\$aBATCH-UPD$b00$c20181121$lBLL01$h1621
=CAT  \\$aIPL-CLA$c20181231$lBLL01$h1540
=CAT  \\$aR1911-0245$c20191127$lBLL01$h0944
=CAT  \\$aR1911-0245$c20191127$lBLL01$h1045
=CAT  \\$aIPL-CLA$c20191231$lBLL01$h1922
=CAT  \\$a5410$b40$c20200820$lBLL01$h2054
=CAT  \\$a5410$b40$c20221012$lBLL01$h0835
=CFI  0\$aCurrent Copyright Fee: GBP39.00$c35\0$e01-jan-2020$fGBP39.00$g0$hP$5Uk
=CFI  2\$aPrevious copyright fee: GBP28.00$c35\0$e01-jan-2019$fGBP28.00$g0$hP$5Uk
=EST  \\$a1
=FFP  \\$aY$bBLDSS-3PM
=FIN  \\$aY
=LEO  \\$aMP10.0000631997
=LKR  \\$aPAR$b007862756$lBLL01$r776$mPhycological research (Online)$nPhycological research (Print)
=MNI  \\$a1322-0829
=SRC  \\$aDSS01$bbibmp10.200404.2.aa
=TCO  \\$aCLA$bCLA$c008
=TOC  \\$aETOC
=UNO  \\$aY
=ACF  \\$aCurrent copyright fee: GBP13.00$c10\0$e01-apr-2003$fGBP13.00$g0$hP$5Uk
=ACF  \\$aCurrent copyright fee: GBP13.00$c10\3$e01-jan-2002$fGBP13.00$g0$hP$5Uk
=ACF  \\$aPrevious copyright fee: GBP15.00$c10\0$e01-apr-2004$fGBP15.00$g0$hP$5Uk
=ACF  \\$aPrevious Copyright Fee: GBP22.00$c10\0$e01-jan-2006$fGBP22.00$g0$hP$5Uk
=ACF  \\$aPrevious copyright fee: GBP24.00$c10\0$e01-mar-2015$fGBP24.00$g0$hP$5Uk
=ACF  \\$aPrevious copyright fee: GBP24.00$c35\0$e07-mar-2017$fGBP24.00$g0$hP$5Uk
=LAS  \\$a5410$b40$c20221012$lBLL01$h0835

