=LDR  05062cas a2201153 a 4500
=001  012434843
=003  Uk
=005  20230213133207.0
=006  m\\\\fo\\d\\\\\\\\
=007  cr\un|||||||||
=008  001006c19959999ja\br\p\o\\\\\0\\\a0eng\c
=FMT  \\$a  SE
=010  \\$a00242221
=015  \\$aGBB350739$2bnb
=019  c\$a102512076
=022  0\$a1440-1819$l1323-1316$y1323-1316$23
=035  \\$a(OCoLC)45131825$z(OCoLC)42257121$z(OCoLC)52435964$z(OCoLC)763151167
=037  \\$aISSN_13231316$bPortico$nWiley
=040  \\$aMYG$beng$cMYG$dOCLCQ$dF#A$dOCLCQ$dUQ1$dNTE$dCLU$dOCLCE$dSERSO$dOCLCQ$dUk
=042  \\$aukblsr
=050  14$aRC321$b.P79
=082  04$a616.89$223
=130  0\$aPsychiatry and clinical neurosciences (Online)
=222  \0$aPsychiatry and clinical neurosciences$b(Carlton, Vic. Online)
=245  10$aPsychiatry and clinical neurosciences$h[electronic resource].
=260  \\$3<1999-> :$a[Oxford, England ;$aMalden, Mass.] :$bBlackwell Science
=260  3\$3<2010-> :$aTokyo :$bWiley-Blackwell
=310  \\$aBimonthly
=336  \\$atext$2rdacontent
=337  \\$acomputer$2rdamedia
=338  \\$aonline resource$2rdacarrier
=362  1\$aPrint began in 1995.
=595  \\$aFORMERLY 4658.25 CHANGE BETWEEN VOL. 48(2), 1994 AND VOL. 49, 1995 SEE ALSO CARD INDEX.
=550  \\$aOfficial journal of: the Japanese Society of Psychiatry and Neurology, <2010->
=588  \\$aDescription based on: Vol. 53, issue 1 (Feb. 1999); title from table of contents page (viewed Oct. 6, 2000).
=588  \\$aLatest issue consulted: Vol. 54, issue 3 (June 2000) (Wiley online library, viewed Aug. 20, 2010).
=540  \\$aCurrent Copyright Fee: GBP32.00$c35\0$5Uk
=650  \0$aPsychiatry$vPeriodicals.
=650  \0$aNeurology$vPeriodicals.
=710  2\$aNihon Seishin Shinkei Gakkai.
=776  08$iPrint version:$tPsychiatry and clinical neurosciences$x1323-1316
=787  0\$tPCN reports$x1323-1316
=859  \\$aELD$bejournal
=856  \\$31850-9999$uhttp://onlinelibrary.wiley.com/$xBLDSS
=852  41$aBritish Library$bHMNTS$jELD Digital store$3Volume 67:Issue 1(2013)-
=852  41$aBritish Library$bDSC$j6946.260550$3Volume 20:Issue 1(1966)-Volume 72:Issue 3(2018)***See ESTAR for full holdings.
=945  \\$aPSYCHIATRY AND CLINICAL NEUROSCIENCES.
=959  \\$fHeld but not currently received
=963  \\$aVOL. 49, 1995- *A=1$bN$cL196.B.121
=979  \\$aBritish Library$bDSC$j6946.260550
=985  \\$aCorrected by BSS-generated file for WR# 08/157
=985  \\$aCorrected by MS generated file for WR# 12.018
=985  \\$aCONFERENCE ANALYTIC RECORDS EXIST
=A02  \\$a102512076
=CAT  \\$aCONV$b00$c20040425$lBLL90$h0713
=CAT  \\$aWR13.005$c20130323$lBLL01$h1511
=CAT  \\$a8201$b40$c20130523$lBLL01$h1222
=CAT  \\$aWR13.114$c20130717$lBLL01$h1313
=CAT  \\$aBATCH-PORT$c20130829$lBLL01$h1114
=CAT  \\$aBATCH-CLA$b00$c20140125$lBLL01$h1258
=CAT  \\$aWR14_009$c20140204$lBLL01$h2343
=CAT  \\$aBATCH-CLA$c20140225$lBLL01$h2320
=CAT  \\$a10934$b40$c20140604$lBLL01$h1401
=CAT  \\$aBLDSS-3PM$b00$c20141214$lBLL01$h1521
=CAT  \\$aBATCH-UPD$b00$c20150215$lBLL01$h1624
=CAT  \\$aIPL-CLA$c20150228$lBLL01$h2047
=CAT  \\$aBATCH-UPD$b00$c20160517$lBLL01$h1820
=CAT  \\$aW1703-0316$c20170306$lBLL01$h1823
=CAT  \\$aW1703-0316$c20170307$lBLL01$h1647
=CAT  \\$aIPL-CLA$c20170307$lBLL01$h1824
=CAT  \\$aW1711-1005$c20171206$lBLL01$h1816
=CAT  \\$aBATCH-UPD$b00$c20180219$lBLL01$h1745
=CAT  \\$aW1805-0471$c20180520$lBLL01$h1138
=CAT  \\$aBATCH-UPD$b00$c20181121$lBLL01$h1621
=CAT  \\$aIPL-CLA$c20181231$lBLL01$h1540
=CAT  \\$aR1911-0245$c20191127$lBLL01$h0822
=CAT  \\$aR1911-0245$c20191127$lBLL01$h1045
=CAT  \\$aIPL-CLA$c20191231$lBLL01$h1922
=CAT  \\$a5410$b40$c20230116$lBLL01$h2022
=CAT  \\$a11205$b40$c20230213$lBLL01$h1332
=CFI  0\$aCurrent Copyright Fee: GBP32.00$c35\0$e01-jan-2020$fGBP32.00$g0$hP$5Uk
=CFI  2\$aPrevious copyright fee: GBP28.00$c35\0$e01-jan-2019$fGBP28.00$g0$hP$5Uk
=EST  \\$a1
=FFP  \\$aY$bBLDSS-3PM
=FIN  \\$aY
=LEO  \\$aMP10.0000632113
=LKR  \\$aPAR$b008545137$lBLL01$r776$mPsychiatry and clinical neurosciences (Carlton, Vic. Online)$nPsychiatry and clinical neurosciences
=MNI  \\$a1323-1316
=SRC  \\$aDSS01$bbibmp10.200404.2.aa
=TCO  \\$aCLA$bCLA$c008
=TOC  \\$aETOC
=UNO  \\$aY
=ACF  \\$aCurrent copyright fee: GBP13.00$c10\0$e01-apr-2003$fGBP13.00$g0$hP$5Uk
=ACF  \\$aCurrent copyright fee: GBP13.00$c10\3$e01-jan-2002$fGBP13.00$g0$hP$5Uk
=ACF  \\$aPrevious copyright fee: GBP15.00$c10\0$e01-apr-2004$fGBP15.00$g0$hP$5Uk
=ACF  \\$aPrevious copyright fee: GBP22.00$c10\0$e01-jan-2006$fGBP22.00$g0$hP$5Uk
=ACF  \\$aPrevious copyright fee: GBP24.00$c10\0$e01-mar-2015$fGBP24.00$g0$hP$5Uk
=ACF  \\$aPrevious copyright fee: GBP24.00$c35\0$e07-mar-2017$fGBP24.00$g0$hP$5Uk
=LAS  \\$a11205$b40$c20230213$lBLL01$h1332

