=LDR  04497cas a2201093 a 4500
=001  012434898
=003  Uk
=005  20221011090900.0
=006  m\\\\\o\\d\\\\\\\\
=007  cr\mnu||||||||
=008  040410c19959999xxuqr\pso\\\\\0\\\a0eng\\
=FMT  \\$a  SE
=015  \\$aGBB349023$2bnb
=019  c\$a102512267
=022  \\$a1540-6229$y1080-8620$21
=037  \\$aISSN_10808620$bPortico$nWiley
=040  \\$aUk$cUk$dUk
=042  \\$aukblsr
=082  04$a333.33097$222
=130  0\$aReal estate economics (Online)
=222  \0$aReal estate economics$b(Online)
=245  00$aReal estate economics$h[electronic resource].
=260  \\$a[Oxford, England] :$bPublished by Blackwell Publishers for American Real Estate and Urban Economics Association
=260  3\$3<2011> :$aMalden, MA :$bJohn Wiley & Sons
=310  \\$aQuarterly
=336  \\$atext$2rdacontent
=337  \\$acomputer$2rdamedia
=338  \\$aonline resource$2rdacarrier
=362  1\$aPrint began with vol. 23, no. 1 (spring 1995).
=530  \\$aAlso issued in print.
=538  \\$aMode of access: World Wide Web.
=550  \\$aJournal of the American Real Estate and Urban Economics Association.
=595  \\$aFORMERLY 4692.15 UP TO VOL. 22, 1994.
=540  \\$aCurrent Copyright Fee: GBP32.00$c35\0$5Uk
=650  \0$aReal estate business$zUnited States$vPeriodicals.
=650  \0$aUrban economics$vPeriodicals.
=690  7\$aManagement and Business Studies$2blcoll
=710  2\$aAmerican Real Estate and Urban Economics Association.
=776  1\$tReal estate economics$x1080-8620
=859  \\$aELD$bejournal
=856  \\$31850-9999$uhttp://onlinelibrary.wiley.com/$xBLDSS
=852  41$aBritish Library$bHMNTS$jELD Digital store$3Volume 41:Number 2(2013:Summer)-***Previous issues available in print copy
=852  41$aBritish Library$bDSC$j7303.280140$32003 VOL 31 PART 1-Volume 39:Issue 4(2011)***See ESTAR for full holdings.
=945  \\$aReal estate economics
=959  \\$fHeld but not currently received
=963  \\$aCA/U34 VOL. 23, 1995- *A=1$bN
=979  \\$aBritish Library$bDSC$j7303.280140
=985  \\$aCorrected by MS generated file for WR# 12.018
=A02  \\$a102512267
=CAT  \\$aCONV$b00$c20040425$lBLL90$h0713
=CAT  \\$aBATCH-CLA$b00$c20121109$lBLL01$h1733
=CAT  \\$a8874$b40$c20130520$lBLL01$h0837
=CAT  \\$a8874$b40$c20130520$lBLL01$h0841
=CAT  \\$aBATCH-CLA$b00$c20130526$lBLL01$h1634
=CAT  \\$aWR13.114$c20130717$lBLL01$h1313
=CAT  \\$aBATCH-PORT$c20130829$lBLL01$h1114
=CAT  \\$aBATCH-CLA$b00$c20140125$lBLL01$h1258
=CAT  \\$aWR14_009$c20140204$lBLL01$h2343
=CAT  \\$aBATCH-CLA$c20140225$lBLL01$h2320
=CAT  \\$aBLDSS-3PM$b00$c20141214$lBLL01$h1521
=CAT  \\$aBATCH-UPD$b00$c20150215$lBLL01$h1624
=CAT  \\$aIPL-CLA$c20150228$lBLL01$h2047
=CAT  \\$aBATCH-UPD$b00$c20160607$lBLL01$h1402
=CAT  \\$aW1703-0316$c20170306$lBLL01$h1824
=CAT  \\$aW1703-0316$c20170307$lBLL01$h1647
=CAT  \\$aIPL-CLA$c20170307$lBLL01$h1824
=CAT  \\$aW1711-1005$c20171206$lBLL01$h1816
=CAT  \\$aBATCH-UPD$b00$c20180219$lBLL01$h1745
=CAT  \\$aBATCH-UPD$b00$c20181121$lBLL01$h1621
=CAT  \\$aIPL-CLA$c20181231$lBLL01$h1540
=CAT  \\$aR1911-0245$c20191127$lBLL01$h0822
=CAT  \\$aR1911-0245$c20191127$lBLL01$h1045
=CAT  \\$aIPL-CLA$c20191231$lBLL01$h1922
=CAT  \\$a5410$b40$c20200318$lBLL01$h1534
=CAT  \\$a5410$b40$c20221011$lBLL01$h0909
=CFI  0\$aCurrent Copyright Fee: GBP32.00$c35\0$e01-jan-2020$fGBP32.00$g0$hP$5Uk
=CFI  2\$aPrevious copyright fee: GBP28.00$c35\0$e01-jan-2019$fGBP28.00$g0$hP$5Uk
=EST  \\$a1
=FFP  \\$aY$bBLDSS-3PM
=FIN  \\$aY
=LEO  \\$aMP10.0000632168
=MNI  \\$a1080-8620
=SRC  \\$aDSS01$bbibmp10.200404.2.aa
=TCO  \\$aTRS$bCCC$c008
=TCO  \\$aCLA$bCLA$c008
=TOC  \\$aETOC
=UNO  \\$aY
=ACF  \\$aCurrent copyright fee: GBP13.00$c10\0$e01-apr-2003$fGBP13.00$g0$hP$5Uk
=ACF  \\$aCurrent copyright fee: GBP13.00$c10\6$e01-apr-2002$fGBP13.00$g0$hP$5Uk
=ACF  \\$aPrevious copyright fee: GBP15.00$c10\0$e01-apr-2004$fGBP15.00$g0$hP$5Uk
=ACF  \\$aPrevious copyright fee: GBP22.00$c10\0$e01-jan-2006$fGBP22.00$g0$hP$5Uk
=ACF  \\$aPrevious copyright fee: GBP24.00$c10\0$e01-mar-2015$fGBP24.00$g0$hP$5Uk
=ACF  \\$aPrevious copyright fee: GBP24.00$c35\0$e07-mar-2017$fGBP24.00$g0$hP$5Uk
=LAS  \\$a5410$b40$c20221011$lBLL01$h0909

