=LDR  04700cas a2201093 a 4500
=001  012434920
=003  Uk
=005  20211231154219.0
=006  m\\\\fo\\d\\\\\\\\
=007  cr\cn|||||||||
=008  040410c19909999gw\br\p\o\\\\\0\\\a0eng\\
=FMT  \\$a  SE
=015  \\$aGBB348909$2bnb
=019  c\$a102421382
=022  \\$a1439-0531$l0936-6768$y0936-6768$26
=037  \\$aISSN_09366768$bPortico$nWiley
=040  \\$aUk$cUk$dUk
=042  \\$aukblsr
=082  04$a636.082$221
=130  0\$aReproduction in domestic animals (Online)
=210  0\$aReprod. domest. anim.$b(1990, Internet)
=222  \0$aReproduction in domestic animals$b(1990. Internet)
=245  10$aReproduction in domestic animals$h[electronic resource].
=260  \\$a[Berlin, Germany] :$bBlackwell Science
=310  \\$aBi-monthly
=336  \\$atext$2rdacontent
=337  \\$acomputer$2rdamedia
=338  \\$aonline resource$2rdacarrier
=362  1\$aPrint began with vol. 25 (1) (Jan. 1990).
=500  \\$a"Physiology, pathology, biotechnology."
=550  \\$aIssued by: European Society for Domestic Animal Reproduction, European Veterinary Society of Small Animal Reproduction and Spanish Society of Animal Reproduction, <2010->
=538  \\$aMode of access: World Wide Web.
=540  \\$aCurrent copyright fee: GBP46.00$c35\0$5Uk
=650  \0$aAnimal breeding$vPeriodicals.
=650  \0$aVeterinary pathology$vPeriodicals.
=650  \0$aLivestock$xBreeding$vPeriodicals.
=710  2\$aEuropean Society for Domestic Animal Reproduction.
=710  2\$aEuropean Veterinary Society for Small Animal Reproduction.
=710  2\$aAsociación Española de Reproducción Animal.
=776  08$iPrint version:$tReproduction in domestic animals$x0936-6768
=859  \\$aELD$bejournal
=856  \\$31850-9999$uhttp://onlinelibrary.wiley.com/$xBLDSS
=852  41$aBritish Library$bHMNTS$jELD Digital store$3Volume 48:Issue 4(2013)-***Previous issues available in print copy
=852  41$aBritish Library$bDSC$j7713.599600$3Volume 35:Issue 1(2000)-Volume 49:Issue 6(2014)***See ESTAR for full holdings.
=945  \\$aReproduction in domestic animals
=959  \\$fHeld but not currently received
=985  \\$aCONFERENCE ANALYTIC RECORDS EXIST
=985  \\$aCorrected by MS generated file for WR# 12.018
=A02  \\$a102421382
=CAT  \\$aCONV$b00$c20040425$lBLL90$h0713
=CAT  \\$a8342$b40$c20131107$lBLL01$h1145
=CAT  \\$aBATCH-CLA$b00$c20140125$lBLL01$h1258
=CAT  \\$aWR14_009$c20140204$lBLL01$h2343
=CAT  \\$aBATCH-CLA$c20140225$lBLL01$h2320
=CAT  \\$aBLDSS-3PM$b00$c20141214$lBLL01$h1521
=CAT  \\$aBATCH-UPD$b00$c20150215$lBLL01$h1624
=CAT  \\$aIPL-CLA$c20150228$lBLL01$h2047
=CAT  \\$aCDS15-UPD$b40$c20150918$lBLL01$h1639
=CAT  \\$aBATCH-UPD$b40$c20160615$lBLL01$h0525
=CAT  \\$aW1703-0316$c20170306$lBLL01$h1824
=CAT  \\$aW1703-0316$c20170307$lBLL01$h1647
=CAT  \\$aIPL-CLA$c20170307$lBLL01$h1824
=CAT  \\$aW1711-1005$c20171206$lBLL01$h1816
=CAT  \\$aBATCH-UPD$b00$c20180219$lBLL01$h1745
=CAT  \\$aBATCH-UPD$b00$c20181121$lBLL01$h1621
=CAT  \\$aIPL-CLA$c20181231$lBLL01$h1540
=CAT  \\$aR1911-0245$c20191127$lBLL01$h0944
=CAT  \\$aR1911-0245$c20191127$lBLL01$h1045
=CAT  \\$aIPL-CLA$c20191231$lBLL01$h1922
=CAT  \\$a5410$b40$c20200313$lBLL01$h1328
=CAT  \\$a12654$b40$c20210315$lBLL01$h1133
=CAT  \\$a5410$b40$c20210410$lBLL01$h1732
=CAT  \\$a5410$b40$c20210410$lBLL01$h1733
=CAT  \\$aW2111-0842$c20211209$lBLL01$h1035
=CAT  \\$aIPL-CLA$c20211231$lBLL01$h1542
=CFI  0\$aCurrent copyright fee: GBP46.00$c35\0$e01-jan-2022$fGBP46.00$g0$hP$5Uk
=CFI  2\$aPrevious Copyright Fee: GBP39.00$c35\0$e01-jan-2020$fGBP39.00$g0$hP$5Uk
=EST  \\$a1
=FFP  \\$aY$bBLDSS-3PM
=FIN  \\$aY
=LEO  \\$aMP10.0000632190
=MNI  \\$a0936-6768
=SRC  \\$aDSS01$bbibmp10.200404.2.aa
=TCO  \\$aDEU$bVG WORT$c008
=TOC  \\$aETOC
=UNO  \\$aY
=ACF  \\$aCurrent copyright fee: GBP13.00$c10\0$e01-apr-2003$fGBP13.00$g0$hP$5Uk
=ACF  \\$aCurrent copyright fee: GBP13.00$c10\1$e01-jan-2002$fGBP13.00$g0$hP$5Uk
=ACF  \\$aPrevious copyright fee: GBP15.00$c10\0$e01-apr-2004$fGBP15.00$g0$hP$5Uk
=ACF  \\$aPrevious Copyright Fee: GBP22.00$c10\0$e01-jan-2006$fGBP22.00$g0$hP$5Uk
=ACF  \\$aPrevious copyright fee: GBP24.00$c10\0$e01-mar-2015$fGBP24.00$g0$hP$5Uk
=ACF  \\$aPrevious copyright fee: GBP24.00$c35\0$e07-mar-2017$fGBP24.00$g0$hP$5Uk
=ACF  \\$aPrevious copyright fee: GBP28.00$c35\0$e01-jan-2019$fGBP28.00$g0$hP$5Uk
=LAS  \\$aIPL-CLA$b00$c20211231$lBLL01$h1542

