=LDR  05263cas a2201225 a 4500
=001  012434973
=003  Uk
=005  20221012084110.0
=006  m\\\\\o\\d\\\\\\\\
=007  cr\cnu||||||||
=008  020628c19979999maufr\pso\\\\\0\\\a0eng\c
=FMT  \\$a  SE
=010  \\$a2002214348
=015  \\$aGBB350775$2bnb
=019  c\$a102571355
=022  0\$a1540-6296$l1098-1616$y1098-1616$21
=035  \\$a(OCoLC)50079374
=037  \\$aISSN_10981616$bPortico$nWiley
=040  \\$aNSD$beng$cNSD$dOCLCQ$dOCL$dOCLCQ$dEYM$dDLC$dKSU$dOCLCQ$dUk
=042  \\$aukblsr
=043  \\$an-us---
=050  10$aISSN RECORD
=050  14$aHG8054.5$b.R557
=082  04$a368$222
=130  0\$aRisk management and insurance review (Online)
=222  \0$aRisk management and insurance review$b(Online)
=245  10$aRisk management and insurance review$h[electronic resource] /$cAmerican Risk and Insurance Insurance Association.
=246  3\$aRisk management & insurance review
=260  \\$aMalden, Mass. :$bBlackwell Publishers
=310  \\$aSemiannual
=336  \\$atext$2rdacontent
=337  \\$acomputer$2rdamedia
=338  \\$aonline resource$2rdacarrier
=362  1\$aPrint began with vol. 1, no. 1 (summer 1997).
=595  \\$aSEE ALSO CARD INDEX.
=530  \\$aAlso issued in print.
=538  \\$aMode of access: World Wide Web.
=588  \\$aDescription based on: Vol. 4, issue 2 (Sept. 2001); title from table of contents screen (publisher's Web site viewed Jan. 6, 2005).
=588  \\$aLatest issue consulted: Vol. 7, issue 2 (Sept. 2004) (publisher's Web site viewed Jan. 6, 2005).
=540  \\$aCurrent Copyright Fee: GBP32.00$c35\0$5Uk
=690  7\$aManagement and Business Studies$2blcoll
=650  \0$aRisk (Insurance)$vPeriodicals.
=650  \0$aRisk management$vPeriodicals.
=650  \0$aRisk (Insurance)$zUnited States$vPeriodicals.
=650  \0$aRisk management$zUnited States$vPeriodicals.
=710  2\$aAmerican Risk and Insurance Association.
=776  1\$tRisk management and insurance review$x1098-1616
=859  \\$aELD$bejournal
=856  \\$31850-9999$uhttp://onlinelibrary.wiley.com/$xBLDSS
=852  41$aBritish Library$bHMNTS$jELD Digital store$3Volume 16:Issue 1(2013)-
=852  41$aBritish Library$bDSC$j7972.600500$3Volume 6:Issue 1(2003)-Volume 17:Issue 2(2014)***See ESTAR for full holdings.
=945  \\$aRISK MANAGEMENT AND INSURANCE REVIEW.
=959  \\$fHeld but not currently received
=979  \\$aBritish Library$bDSC$j7972.600500
=985  \\$aCorrected by BSS-generated file for WR# 08/157
=985  \\$aCorrected by MS generated file for WR# 12.018
=A02  \\$a102571355
=CAT  \\$aCONV$b00$c20040425$lBLL90$h0713
=CAT  \\$aBATCH-CLA$b00$c20121109$lBLL01$h1733
=CAT  \\$aWR13.005$c20130323$lBLL01$h1511
=CAT  \\$a8201$b40$c20130523$lBLL01$h1408
=CAT  \\$aWR13.114$c20130717$lBLL01$h1313
=CAT  \\$aBATCH-PORT$c20130829$lBLL01$h1114
=CAT  \\$aBATCH-CLA$b00$c20140125$lBLL01$h1301
=CAT  \\$aWR14_009$c20140204$lBLL01$h2343
=CAT  \\$aBATCH-CLA$c20140225$lBLL01$h2320
=CAT  \\$aBLDSS-3PM$b00$c20141214$lBLL01$h1521
=CAT  \\$aBATCH-UPD$b00$c20150215$lBLL01$h1624
=CAT  \\$aIPL-CLA$c20150228$lBLL01$h2047
=CAT  \\$aCDS15-UPD$b40$c20150918$lBLL01$h1639
=CAT  \\$aBATCH-UPD$b40$c20160529$lBLL01$h2359
=CAT  \\$aW1703-0316$c20170306$lBLL01$h1824
=CAT  \\$aW1703-0316$c20170307$lBLL01$h1647
=CAT  \\$aIPL-CLA$c20170307$lBLL01$h1824
=CAT  \\$aW1711-1005$c20171206$lBLL01$h1816
=CAT  \\$aBATCH-UPD$b00$c20180219$lBLL01$h1745
=CAT  \\$aBATCH-UPD$b00$c20181121$lBLL01$h1621
=CAT  \\$aIPL-CLA$c20181231$lBLL01$h1540
=CAT  \\$aR1911-0245$c20191127$lBLL01$h0822
=CAT  \\$aR1911-0245$c20191127$lBLL01$h1045
=CAT  \\$aIPL-CLA$c20191231$lBLL01$h1922
=CAT  \\$a5410$b40$c20200310$lBLL01$h1657
=CAT  \\$a5410$b40$c20221012$lBLL01$h0841
=CFI  0\$aCurrent Copyright Fee: GBP32.00$c35\0$e01-jan-2020$fGBP32.00$g0$hP$5Uk
=CFI  2\$aPrevious copyright fee: GBP28.00$c35\0$e01-jan-2019$fGBP28.00$g0$hP$5Uk
=EST  \\$a1
=FFP  \\$aY$bBLDSS-3PM
=FIN  \\$aY
=LEO  \\$aMP10.0000632243
=LKR  \\$aPAR$b009226634$lBLL01$r776$mRisk management and insurance review (Online)$nRisk management and insurance review.
=MNI  \\$a1098-1616
=SID  \\$aZ39$bOCLC
=SRC  \\$aDSS01$bbibmp10.200404.2.aa
=TCO  \\$aTRS$bCCC$c008
=TOC  \\$aETOC
=UNO  \\$aY
=ACF  \\$aPrevious copyright fee: GBP16.00$c10\0$e01-jan-2006$fGBP16.00$g0$hP$5Uk
=ACF  \\$aPrevious copyright fee: GBP15.00$c10\0$e01-apr-2004$fGBP15.00$g0$hP$5Uk
=ACF  \\$aCurrent copyright fee: GBP13.00$c10\0$e01-apr-2003$fGBP13.00$g0$hP$5Uk
=ACF  \\$aCurrent copyright fee: GBP13.00$c10\6$e01-apr-2002$fGBP13.00$g0$hP$5Uk
=ACF  \\$aPrevious copyright fee: GBP17.00$c10\0$e01-jan-2009$fGBP17.00$g0$hP$5Uk
=ACF  \\$aPrevious copyright fee: GBP22.00$c10\0$e01-jan-2011$fGBP22.00$g0$hP$5Uk
=ACF  \\$aPrevious copyright fee: GBP24.00$c10\0$e01-mar-2015$fGBP24.00$g0$hP$5Uk
=ACF  \\$aPrevious copyright fee: GBP24.00$c35\0$e07-mar-2017$fGBP24.00$g0$hP$5Uk
=LAS  \\$a5410$b40$c20221012$lBLL01$h0841

