=LDR  04254cas a2201045 a 4500
=001  012434978
=003  Uk
=005  20221013083233.0
=006  m\\\\\o\\d\\\\\\\\
=007  cr\cn|||||||||
=008  040410c19419999xxuqr\pso\\\\\0\\\a0eng\\
=FMT  \\$a  SE
=019  c\$a102150950
=022  \\$a1467-9434$l0036-0341$y0036-0341
=037  \\$aISSN_00360341$bPortico$nWiley
=040  \\$aUk$cUk$dUk
=082  04$a947
=130  0\$aRussian review (Online)
=245  14$aThe Russian review$h[electronic resource].
=260  \\$aNew York, N.Y. :$bRussian Review,$c1941-
=310  \\$aQuarterly
=336  \\$atext$2rdacontent
=337  \\$acomputer$2rdamedia
=338  \\$aonline resource$2rdacarrier
=362  0\$aVol. 1, no. 1 (Nov. 1941)-
=500  \\$aPublished by: Ohio State University Press, 1989-1997; Blackwell Publishers, 1998-
=500  \\$aPlace of publication varies.
=530  \\$aAlso issued in print.
=538  \\$aMode of access: World Wide Web.
=595  \\$aSEE ALSO SERIAL RECORDS BOD.
=540  \\$aCurrent Copyright Fee: GBP32.00$c35\0$5Uk
=651  \0$aSoviet Union$vPeriodicals.
=651  \0$aRussia$vPeriodicals.
=651  \0$aRussia (Federation)$vPeriodicals.
=776  1\$tRussian review$x0036-0341
=859  \\$aELD$bejournal
=856  \\$31850-9999$uhttp://onlinelibrary.wiley.com/$xBLDSS
=852  41$aBritish Library$bHMNTS$jELD Digital store$3Volume 72:Issue 1(2013)-
=852  41$aBritish Library$bDSC$j8052.820000$3Volume 62:Issue 3(2003)-Volume 73:Issue 4(2014)***See ESTAR for full holdings.
=945  \\$aRUSSIAN REVIEW -STANFORD THEN COLUMBUS-.
=959  \\$fHeld but not currently received
=963  \\$aVOL. 1, 1941- 20, 1961 *A=1; 47, 1988- *A=1$bN$cP586.C.16
=979  \\$aBritish Library$bDSC$j8052.820000
=A02  \\$a102150950
=CAT  \\$aCONV$b00$c20040425$lBLL90$h0713
=CAT  \\$aBATCH-CLA$b00$c20121109$lBLL01$h1733
=CAT  \\$aWR13.005$c20130323$lBLL01$h1511
=CAT  \\$aWR13.114$c20130717$lBLL01$h1313
=CAT  \\$aBATCH-PORT$c20130829$lBLL01$h1114
=CAT  \\$a8874$b40$c20130905$lBLL01$h0842
=CAT  \\$aBATCH-CLA$b00$c20140125$lBLL01$h1305
=CAT  \\$aWR14_009$c20140204$lBLL01$h2343
=CAT  \\$aBATCH-CLA$c20140225$lBLL01$h2320
=CAT  \\$aBLDSS-3PM$b00$c20141214$lBLL01$h1521
=CAT  \\$aBATCH-UPD$b00$c20150215$lBLL01$h1624
=CAT  \\$aIPL-CLA$c20150228$lBLL01$h2047
=CAT  \\$aCDS15-UPD$b40$c20150918$lBLL01$h1639
=CAT  \\$aBATCH-UPD$b40$c20160519$lBLL01$h2251
=CAT  \\$aW1703-0316$c20170306$lBLL01$h1824
=CAT  \\$aW1703-0316$c20170307$lBLL01$h1647
=CAT  \\$aIPL-CLA$c20170307$lBLL01$h1824
=CAT  \\$aW1711-1005$c20171206$lBLL01$h1816
=CAT  \\$aBATCH-UPD$b00$c20180219$lBLL01$h1745
=CAT  \\$aBATCH-UPD$b00$c20181121$lBLL01$h1621
=CAT  \\$aIPL-CLA$c20181231$lBLL01$h1540
=CAT  \\$aR1911-0245$c20191127$lBLL01$h0822
=CAT  \\$aR1911-0245$c20191127$lBLL01$h1045
=CAT  \\$aIPL-CLA$c20191231$lBLL01$h1922
=CAT  \\$a5410$b40$c20200310$lBLL01$h1625
=CAT  \\$a5410$b40$c20221013$lBLL01$h0832
=CFI  0\$aCurrent Copyright Fee: GBP32.00$c35\0$e01-jan-2020$fGBP32.00$g0$hP$5Uk
=CFI  2\$aPrevious copyright fee: GBP28.00$c35\0$e01-jan-2019$fGBP28.00$g0$hP$5Uk
=EST  \\$a1
=FFP  \\$aY$bBLDSS-3PM
=FIN  \\$aY
=LEO  \\$aMP10.0000632248
=MNI  \\$a0036-0341
=SRC  \\$aDSS01$bbibmp10.200404.2.aa
=TCO  \\$aTRS$bCCC$c008
=TOC  \\$aETOC
=UNO  \\$aY
=ACF  \\$aPrevious copyright fee: GBP16.00$c10\0$e01-jan-2006$fGBP16.00$g0$hP$5Uk
=ACF  \\$aPrevious copyright fee: GBP15.00$c10\0$e01-apr-2004$fGBP15.00$g0$hP$5Uk
=ACF  \\$aCurrent copyright fee: GBP13.00$c10\0$e01-apr-2003$fGBP13.00$g0$hP$5Uk
=ACF  \\$aCurrent copyright fee: GBP13.00$c10\6$e01-apr-2002$fGBP13.00$g0$hP$5Uk
=ACF  \\$aPrevious copyright fee: GBP17.00$c10\0$e01-jan-2009$fGBP17.00$g0$hP$5Uk
=ACF  \\$aPrevious copyright fee: GBP22.00$c10\0$e01-jan-2011$fGBP22.00$g0$hP$5Uk
=ACF  \\$aPrevious copyright fee: GBP24.00$c10\0$e01-mar-2015$fGBP24.00$g0$hP$5Uk
=ACF  \\$aPrevious copyright fee: GBP24.00$c35\0$e07-mar-2017$fGBP24.00$g0$hP$5Uk
=LAS  \\$a5410$b40$c20221013$lBLL01$h0832

