=LDR  04987cas a2201189 a 4500
=001  012435007
=003  Uk
=005  20221013084001.0
=006  m\\\\\o\\d\\\\\\\\
=007  cr\mnu||||||||
=008  990519c19889999maubr\pso\\\\\0\\\a0eng\\
=FMT  \\$a  SE
=010  \\$asn 99003942$z00242216
=015  \\$aGBB350777$2bnb
=019  c\$a102345921
=022  0\$a1525-139X$y0894-0959$21
=035  \\$a(OCoLC)41390142$z(OCoLC)45112796$z(OCoLC)222891260$z(OCoLC)243592063$z(OCoLC)499779500$z(OCoLC)525604136$z(OCoLC)612688857
=037  \\$aISSN_08940959$bPortico$nWiley
=040  \\$aNSD$beng$cNSD$dOCL$dNSD$dOCLCQ$dWAU$dOCLCQ$dMUQ$dVRC$dUQ1$dCCO$dUKMGB$dDLC$dOCLCQ$dUk
=042  \\$aukblsr
=050  10$aISSN RECORD
=050  14$aRC901.7.H45$bS46
=060  00$aW1$bSE487NH
=082  04$a617.461059$222
=130  0\$aSeminars in dialysis (Online)
=210  0\$aSemin. dial.$b(Online)
=210  10$aSemin Dial$2dnlm
=222  \0$aSeminars in dialysis$b(Online)
=245  10$aSeminars in dialysis$h[electronic resource].
=260  \\$a[Oxford, England ;$aMalden, Mass.] :$bBlackwell Pub.
=260  3\$3<2011-> :$aMalden, MA :$bJohn Wiley & Sons
=310  \\$aBimonthly
=336  \\$atext$2rdacontent
=337  \\$acomputer$2rdamedia
=338  \\$aonline resource$2rdacarrier
=362  1\$aPrint began with vol. 1, no. 1 (Jan. 1988).
=516  \\$aPDF format
=530  \\$aAlso issued in print.
=538  \\$aMode of access: World Wide Web.
=588  \\$aDescription based on: Vol. 12, issue 1 (Feb. 1999); title from contents screen (publisher's Web site, viewed Dec. 18, 2003).
=588  \\$aLatest issue consulted: Vol. 24, issue 3 (May/June 2011) (Wiley Online Library, viewed Aug. 17, 2011).
=540  \\$aCurrent Copyright Fee: GBP39.00$c35\0$5Uk
=650  \0$aHemodialysis$vPeriodicals.
=650  \2$aDialysis$vPeriodicals.
=650  \2$aRenal Dialysis$vPeriodicals.
=710  2\$aAmerican Society of Diagnostic and Interventional Nephrology.
=776  1\$tSeminars in dialysis$x0894-0959
=859  \\$aELD$bejournal
=856  \\$31850-9999$uhttp://onlinelibrary.wiley.com/$xBLDSS
=852  41$aBritish Library$bHMNTS$jELD Digital store$3Volume 26:Issue 1(2013)-
=852  41$aBritish Library$bDSC$j8239.448930$3Volume 10:Issue 1(1997)-Volume 27:Issue 6(2014)***See ESTAR for full holdings.
=945  \\$aSeminars in dialysis
=959  \\$fHeld but not currently received
=979  \\$aBritish Library$bDSC$j8239.448930
=985  \\$aCorrected by MS generated file for WR# 12.018
=985  \\$aCONFERENCE ANALYTIC RECORDS EXIST
=A02  \\$a102345921
=CAT  \\$aCONV$b00$c20040425$lBLL90$h0713
=CAT  \\$aBATCH-CLA$b00$c20121109$lBLL01$h1733
=CAT  \\$a8201$b40$c20130523$lBLL01$h1411
=CAT  \\$aWR13.114$c20130717$lBLL01$h1313
=CAT  \\$aBATCH-PORT$c20130829$lBLL01$h1114
=CAT  \\$a10934$b40$c20131127$lBLL01$h1345
=CAT  \\$aBATCH-CLA$b00$c20140125$lBLL01$h1256
=CAT  \\$aWR14_009$c20140204$lBLL01$h2343
=CAT  \\$aBATCH-CLA$c20140225$lBLL01$h2320
=CAT  \\$aBLDSS-3PM$b00$c20141214$lBLL01$h1521
=CAT  \\$aBATCH-UPD$b00$c20150215$lBLL01$h1624
=CAT  \\$aIPL-CLA$c20150228$lBLL01$h2047
=CAT  \\$aCDS15-UPD$b40$c20150918$lBLL01$h1639
=CAT  \\$aBATCH-UPD$b40$c20160523$lBLL01$h1157
=CAT  \\$aW1703-0316$c20170306$lBLL01$h1824
=CAT  \\$aW1703-0316$c20170307$lBLL01$h1647
=CAT  \\$aIPL-CLA$c20170307$lBLL01$h1824
=CAT  \\$aW1711-1005$c20171206$lBLL01$h1816
=CAT  \\$aBATCH-UPD$b00$c20180219$lBLL01$h1745
=CAT  \\$aBATCH-UPD$b00$c20181121$lBLL01$h1621
=CAT  \\$aIPL-CLA$c20181231$lBLL01$h1540
=CAT  \\$aR1911-0245$c20191127$lBLL01$h0944
=CAT  \\$aR1911-0245$c20191127$lBLL01$h1045
=CAT  \\$aIPL-CLA$c20191231$lBLL01$h1922
=CAT  \\$a5410$b40$c20200304$lBLL01$h1144
=CAT  \\$a5410$b40$c20221013$lBLL01$h0840
=CFI  0\$aCurrent Copyright Fee: GBP39.00$c35\0$e01-jan-2020$fGBP39.00$g0$hP$5Uk
=CFI  2\$aPrevious copyright fee: GBP28.00$c35\0$e01-jan-2019$fGBP28.00$g0$hP$5Uk
=EST  \\$a1
=FFP  \\$aY$bBLDSS-3PM
=FIN  \\$aY
=LEO  \\$aMP10.0000632277
=LKR  \\$aPAR$b008216558$lBLL01$r776$mSeminars in dialysis (Online)$nSeminars in dialysis.
=MNI  \\$a0894-0959
=SRC  \\$aDSS01$bbibmp10.200404.2.aa
=TCO  \\$aTRS$bCCC$c008
=TOC  \\$aETOC
=UNO  \\$aY
=ACF  \\$aCurrent copyright fee: GBP13.00$c10\0$e01-apr-2003$fGBP13.00$g0$hP$5Uk
=ACF  \\$aCurrent copyright fee: GBP13.00$c10\2$e01-jan-2002$fGBP13.00$g0$hP$5Uk
=ACF  \\$aPrevious copyright fee: GBP15.00$c10\0$e01-apr-2004$fGBP15.00$g0$hP$5Uk
=ACF  \\$aPrevious Copyright Fee: GBP22.00$c10\0$e01-jan-2006$fGBP22.00$g0$hP$5Uk
=ACF  \\$aPrevious copyright fee: GBP24.00$c10\0$e01-mar-2015$fGBP24.00$g0$hP$5Uk
=ACF  \\$aPrevious copyright fee: GBP24.00$c35\0$e07-mar-2017$fGBP24.00$g0$hP$5Uk
=LAS  \\$a5410$b40$c20221013$lBLL01$h0840

