=LDR  04490cas a2201057 a 4500
=001  012435151
=003  Uk
=005  20211231154222.0
=006  m\\\\\o\\d\\\\\\\\
=007  cr\cn|||||||||
=008  040410c19599999ne\wr\pso\\\\\0\\\a0eng\\
=FMT  \\$a  SE
=019  c\$a102167689
=022  \\$a1873-3581$l0040-4039$y0040-4039$2j
=037  \\$aISSN_00404039$bPortico$nElsevier
=040  \\$aUk$beng$cUk$dUk
=041  0\$aeng$afre$ager
=042  \\$aukblsr
=082  04$a547.005$223
=130  0\$aTetrahedron letters (Online)
=222  \0$aTetrahedron letters$b(Online)
=245  10$aTetrahedron letters$h[electronic resource].
=260  \\$a[Oxford ;$aNew York] :$bPergamon Press
=264  31$a[Amsterdam] :$bElsevier
=310  \\$aWeekly
=336  \\$atext$2rdacontent
=337  \\$acomputer$2rdamedia
=338  \\$aonline resource$2rdacarrier
=362  1\$aPrint began with volume 1, issue 1 (1959).
=538  \\$aMode of access: World Wide Web.
=546  \\$aChiefly in English, with some articles in French and German.
=588  \\$aDescription based on print version record.
=588  \\$aLatest issue consulted: volume 56, issue 17 (22 April 2015) (ScienceDirect, viewed April 8, 2015).
=540  \\$aCurrent copyright fee: GBP34.30$c5\1$5Uk
=650  \0$aChemistry, Organic$vPeriodicals.
=776  08$iAlso issued in print as:$tTetrahedron letters$x0040-4039
=856  \\$31850-9999$uhttp://www.elsevier.com/journals$xBLDSS
=859  \\$aELD$bejournal
=852  41$aBritish Library$bDSC$j8796.860000$3Volume 9:Issue 38(1968)-Volume 58:Issue 52(2017)***See ESTAR for full holdings.
=852  41$aBritish Library$bSTI$jELD Digital store$3Volume 56:Issue 3(2015)-***Previous issues available in print copy
=945  \\$aTetrahedron letters
=959  \\$fHeld but not currently received
=985  \\$aCorrected by BSS-generated file for WR# 08/157
=A02  \\$a102167689
=CAT  \\$aCONV$b00$c20040425$lBLL90$h0713
=CAT  \\$aWR11_155$c20111114$lBLL01$h1646
=CAT  \\$aBATCH-UPD$b00$c20111123$lBLL01$h1852
=CAT  \\$aIPL-CLA$c20111230$lBLL01$h2014
=CAT  \\$aBATCH-UPD$b00$c20120614$lBLL01$h2142
=CAT  \\$aBATCH-CLA$b00$c20121109$lBLL01$h1733
=CAT  \\$aBATCH-UPD$b00$c20121121$lBLL01$h1656
=CAT  \\$aIPL-CLA$c20121231$lBLL01$h1310
=CAT  \\$aIPL-CLA$c20130102$lBLL01$h1727
=CAT  \\$aWR13.005$c20130323$lBLL01$h1511
=CAT  \\$a8874$b40$c20130904$lBLL01$h1356
=CAT  \\$aBATCH-CLA$b00$c20140125$lBLL01$h1302
=CAT  \\$aBATCH-CLA$c20140225$lBLL01$h2320
=CAT  \\$aBLDSS-3PM$b00$c20141222$lBLL01$h1713
=CAT  \\$a5997$b40$c20150408$lBLL01$h0857
=CAT  \\$a5997$b40$c20150408$lBLL01$h0943
=CAT  \\$a10983$b40$c20150409$lBLL01$h0951
=CAT  \\$aBATCH-UPD$b40$c20160517$lBLL01$h2003
=CAT  \\$aBATCH-UPD$b40$c20171121$lBLL01$h1743
=CAT  \\$aW1711-1005$c20171206$lBLL01$h1816
=CAT  \\$aIPL-CLA$c20171231$lBLL01$h1624
=CAT  \\$aW1805-0471$c20180520$lBLL01$h1138
=CAT  \\$aBATCH-UPD$b00$c20190521$lBLL01$h1434
=CAT  \\$aIPL-CLA$c20190630$lBLL01$h1532
=CAT  \\$aBATCH-UPD$b00$c20211119$lBLL01$h1552
=CAT  \\$aIPL-CLA$c20211231$lBLL01$h1542
=CFI  0\$aCurrent copyright fee: GBP34.30$c5\1$e01-jan-2022$fGBP34.30$g0$hP$5Uk
=CFI  2\$aPrevious copyright fee: GBP32.84$c5\1$e01-jul-2019$fGBP32.84$g0$hP$5Uk
=EST  \\$a1
=FFP  \\$aY$bBLDSS-3PM
=FIN  \\$aY
=LEO  \\$aMP10.0000632421
=LET  \0$aTetrahedron letters (Electronic)
=LKR  \\$aPAR$b009543772$lBLL01$r776$mTetrahedron letters (Online)$nTetrahedron letters (Print)
=MNI  \\$a0040-4039
=SRC  \\$aDSS01$bbibmp10.200404.2.aa
=TCO  \\$aCLA$bCLA$c008
=TOC  \\$aETOC
=ACF  \\$aPrevious copyright fee: GBP19.00$c5\5$e01-jan-2008$fGBP19.00$g0$hP$5Uk
=ACF  \\$aPrevious copyright fee: GBP18.00$c5\5$e01-apr-2004$fGBP18.00$g0$hP$5Uk
=ACF  \\$aCurrent copyright fee: GBP20.00$c5\5$e01-jan-2003$fGBP20.00$g0$hP$5Uk
=ACF  \\$aCurrent copyright fee: GBP15.00$c5\5$e01-jul-2002$fGBP15.00$g0$hP$5Uk
=ACF  \\$aPrevious copyright fee: GBP20.00$c5\1$e01-jan-2009$fGBP20.00$g0$hP$5Uk
=ACF  \\$aPrevious copyright fee: GBP21.00$c5\1$e01-jan-2012$fGBP21.00$g0$hP$5Uk
=ACF  \\$aPrevious copyright fee: GBP22.50$c5\1$e01-jan-2013$fGBP22.50$g0$hP$5Uk
=ACF  \\$aPrevious copyright fee: GBP23.40$c5\1$e01-jan-2018$fGBP23.40$g0$hP$5Uk
=LAS  \\$aIPL-CLA$b00$c20211231$lBLL01$h1542

