=LDR  05276cas a2201129 a 4500
=001  012907884
=003  Uk
=005  20221231144524.0
=006  m\\\\\\\\d\|\\\\\\
=007  cr\|||||||||||
=008  040429c20039999enkqr\pss\\\\\0\\\a0eng\\
=FMT  \\$a  SE
=015  \\$aGBA603499$2bnb
=022  0\$a1478-6028
=037  \\$aISSN_1478601X$bPortico$nTaylor & Francis
=040  \\$aOUN$cOUN$dOCLCQ$dEEM$dOCL$dUk
=042  \\$aukblsr
=050  14$aHV7231
=082  04$a364.05$222
=130  0\$aCriminal justice studies (Online)
=222  \0$aCriminal justice studies$b(Online)
=245  10$aCriminal justice studies$h[electronic resource].
=260  \\$a[Abingdon, U.K.] ;$bRoutledge :$bTaylor & Francis,$c2003-
=310  \\$aQuarterly
=336  \\$atext$2rdacontent
=337  \\$acomputer$2rdamedia
=338  \\$aonline resource$2rdacarrier
=362  0\$aVol. 16, no. 1 (2003)-
=500  \\$aTitle from PDF caption (MetaPress Web site, viewed May 27, 2005).
=580  \\$aIncludes issues of earlier title: Justice professional.
=588  \\$aLatest issue consulted: volume 29, issue 1 (2016) (Taylor & Francis Online, viewed March 30, 2016).
=538  \\$aMode of access: World Wide Web.
=540  \\$aCurrent copyright fee: GBP37.00$c2\0$5Uk
=650  \0$aJustice, Administration of$zUnited States$vPeriodicals.
=655  \0$aElectronic journals.
=690  7\$aSocial Welfare$2blcoll
=776  08$iAlso issued in print as:$tCriminal justice studies$x1478-601X
=780  01$tJustice professional (Online)$x1477-2787
=859  \\$aELD$bejournal
=856  \\$31850-9999$uhttp://www.tandfonline.com/$xBLDSS
=852  41$aBritish Library$bHMNTS$jELD Digital store$3Volume 29:Issue 1(2016)-***Previous issues available in print copy
=852  41$aBritish Library$bDSC$j3487.351120$3Volume 19:Issue 1(2006)-Volume 22:Issue 3(2009)***See ESTAR for full holdings.
=945  \\$aCriminal justice studies.
=959  \\$fHeld but not currently received
=985  \\$aISSN responsibility transferred from ISSN UK Centre to U.S. ISSN Center Taylor & Francis, Multinational Publisher List, Summer 2016
=CAT  \\$a11194$b40$c20040429$lTMP01$h1410
=CAT  \\$a8464$b40$c20151230$lBLL01$h1127
=CAT  \\$aIPL-CLA$c20151231$lBLL01$h1919
=CAT  \\$a8478$b40$c20160205$lBLL01$h1258
=CAT  \\$a8478$b40$c20160205$lBLL01$h1259
=CAT  \\$a8478$b40$c20160205$lBLL01$h1302
=CAT  \\$a8478$b40$c20160205$lBLL01$h1303
=CAT  \\$a8478$b40$c20160205$lBLL01$h1306
=CAT  \\$a8478$b40$c20160205$lBLL01$h1310
=CAT  \\$a5997$b40$c20160330$lBLL01$h1235
=CAT  \\$aBATCH-UPD$b40$c20160606$lBLL01$h0737
=CAT  \\$aW1607-0553$c20160818$lBLL01$h0910
=CAT  \\$aW1607-0553$c20160818$lBLL01$h0915
=CAT  \\$aBATCH-UPD$b00$c20161122$lBLL01$h1512
=CAT  \\$aIPL-CLA$c20161230$lBLL01$h2123
=CAT  \\$aBATCH-UPD$b00$c20171121$lBLL01$h1646
=CAT  \\$aW1711-1005$c20171206$lBLL01$h1816
=CAT  \\$aIPL-CLA$c20171231$lBLL01$h1630
=CAT  \\$aBATCH-UPD$b00$c20181217$lBLL01$h1637
=CAT  \\$aIPL-CLA$c20181231$lBLL01$h1540
=CAT  \\$aBATCH-UPD$b00$c20191122$lBLL01$h1900
=CAT  \\$aIPL-CLA$c20191231$lBLL01$h1926
=CAT  \\$aBATCH-UPD$b00$c20201118$lBLL01$h1333
=CAT  \\$aIPL-CLA$c20201231$lBLL01$h1528
=CAT  \\$aBATCH-UPD$b00$c20221121$lBLL01$h1346
=CAT  \\$aIPL-CLA$c20221231$lBLL01$h1445
=CFI  0\$aCurrent copyright fee: GBP37.00$c2\0$e01-jan-2023$fGBP37.00$g0$hP$5Uk
=CFI  2\$aPrevious copyright fee: GBP35.00$c2\0$e01-jan-2021$fGBP35.00$g0$hP$5Uk
=EST  \\$a1
=FFP  \\$aY$bBLDSS-3PM
=FIN  \\$aY$d20051206
=LKR  \\$aPAR$b012088638$lBLL01$r78000$mCriminal justice studies (Online)$nJustice professional (Online)
=MNI  \\$a1478-601X
=TCO  \\$aCLA$bCLA$c008
=TOC  \\$aETOC
=ACF  \\$aPrevious copyright fee: GBP17.00$c2\0$e01-jan-2010$fGBP17.00$g0$hP$5Uk
=ACF  \\$aPrevious copyright fee: GBP16.00$c2\0$e01-jan-2009$fGBP16.00$g0$hP$5Uk
=ACF  \\$aPrevious copyright fee: GBP15.00$c2\0$e01-apr-2008$fGBP15.00$g0$hP$5Uk
=ACF  \\$aPrevious copyright fee: GBP16.00$c2\0$e01-jan-2007$fGBP16.00$g0$hP$5Uk
=ACF  \\$aPrevious copyright fee: GBP13.00$c2\0$e14-jul-2006$fGBP13.00$g0$hP$5Uk
=ACF  \\$aPrevious copyright fee: GBP5.00$c0$e08-aug-2005$fGBP5.00$g0$hA$5Uk
=ACF  \\$aPrevious copyright fee: GBP21.00$c2\0$e01-jan-2011$fGBP21.00$g0$hP$5Uk
=ACF  \\$aPrevious copyright fee: GBP23.00$c2\0$e01-jan-2012$fGBP23.00$g0$hP$5Uk
=ACF  \\$aPrevious copyright fee: GBP23.50$c2\0$e01-jan-2013$fGBP23.50$g0$hP$5Uk
=ACF  \\$aPrevious copyright fee: GBP24.00$c2\0$e01-jan-2014$fGBP24.00$g0$hP$5Uk
=ACF  \\$aPrevious copyright fee: GBP25.00$c2\0$e01-jan-2015$fGBP25.00$g0$hP$5Uk
=ACF  \\$aPrevious copyright fee: GBP26.00$c2\0$e01-jan-2016$fGBP26.00$g0$hP$5Uk
=ACF  \\$aPrevious copyright fee: GBP28.00$c2\0$e01-jan-2017$fGBP28.00$g0$hP$5Uk
=ACF  \\$aPrevious copyright fee: GBP30.00$c2\0$e01-jan-2018$fGBP30.00$g0$hP$5Uk
=ACF  \\$aPrevious copyright fee: GBP32.00$c2\0$e01-jan-2019$fGBP32.00$g0$hP$5Uk
=ACF  \\$aPrevious copyright fee: GBP34.00$c2\0$e01-jan-2020$fGBP34.00$g0$hP$5Uk
=LAS  \\$aIPL-CLA$b00$c20221231$lBLL01$h1445

