=LDR  06266cas a2201297 a 4500
=001  013089637
=003  Uk
=005  20221231144555.0
=006  m\\\\f\\\d\\\\\\\\
=007  cr\mnu\\\uuuuu
=008  010522c199u9999gw\br\p\o\\\\\0\\\a0ger\d
=FMT  \\$a  SE
=022  0\$a1615-6730$y0174-2442$l0174-2442
=035  \\$a(OCoLC)223697107
=037  \\$a???$bSpringer
=040  \\$aAU@$beng$cAU@$dAUD$dOCLCQ$dUk
=041  0\$ager$beng
=042  \\$aukblsr
=050  \4$aRC864$b.C65
=082  04$a616.35$223
=130  0\$aColoproctology (Online)
=222  \0$aColoproctology$b(München. Internet)
=245  10$aColoproctology$h[electronic resource].
=260  \\$a[Munich] :$bUrban & Vogel,$c[199-]-
=260  3\$a[S.l.] :$bSpringer Science + Media
=336  \\$atext$2rdacontent
=337  \\$acomputer$2rdamedia
=338  \\$aonline resource$2rdacarrier
=362  1\$aElectronic coverage as of July 2011: Vol. 19, issue 1 (Jan. 1997)-
=516  \\$aAbstracts, tables of contents, and citation information are HTML encoded; articles are available in portable document format (PDF) and as Postscript Level 2 files.
=530  \\$aElectronic version of: Coloproctology.
=538  \\$aSystem requirements: Internet connectivity, World Wide Web browser, and Adobe Acrobat reader.
=538  \\$aMode of access: World Wide Web.
=546  \\$aText in German; abstracts in English.
=550  \\$aOfficial publiscation of: Deutsche Gesellschaft für Koloproktologie (DGK) and Berufsverbandes der Coloproktologen Deutschlands e. V. (BCD).
=588  \\$aLatest issue consulted: Vol. 33, no. 3 (June 2011), (SpringerLink, viewed July 19, 2011).
=540  \\$aCurrent copyright fee: GBP34.95$c22\1$5Uk
=650  \0$aProctology$vPeriodicals.
=650  \0$aColon (Anatomy)$xDiseases$vPeriodicals.
=650  \0$aAnus$xDiseases$vPeriodicals.
=650  \0$aRectum$xDiseases$vPeriodicals.
=655  \7$aElectronic journals.$2lcsh
=710  2\$aDeutsche Gesellschaft für Koloproktologie.
=710  2\$aBerufsverband der Coloproktologen Deutschlands.
=776  1\$tColoproctology$x0174-2442
=859  \\$aELD$bejournal
=856  \\$31850-9999$uhttp://www.springer.com/gb/$xBLDSS
=852  41$aBritish Library$bDSC$j3320.408750$3Volume 21:Issue 5(1999)-Volume 36:Issue 6(2014)***See ESTAR for full holdings.
=852  41$aBritish Library$bHMNTS$jELD Digital store$3Volume 40:Issue 1(2018)-
=945  \\$aCOLOPROCTOLOGY -GERMAN EDITION-.
=959  \\$fHeld but not currently received
=CAT  \\$a10902$b40$c20050123$lBLL01$h0927
=CAT  \\$aCDS15-UPD$b40$c20150313$lBLL01$h1910
=CAT  \\$aIPL-CLA$c20150331$lBLL01$h1638
=CAT  \\$aBATCH-UPD$b00$c20150520$lBLL01$h1812
=CAT  \\$aIPL-CLA$c20150630$lBLL01$h1646
=CAT  \\$aBATCH-UPD$b00$c20150820$lBLL01$h1856
=CAT  \\$aIPL-CLA$c20150930$lBLL01$h1806
=CAT  \\$aBATCH-UPD$b00$c20160217$lBLL01$h1749
=CAT  \\$aIPL-CLA$c20160331$lBLL01$h1726
=CAT  \\$aBATCH-UPD$b00$c20160524$lBLL01$h2209
=CAT  \\$aBATCH-UPD$b00$c20160525$lBLL01$h0018
=CAT  \\$aBATCH-UPD$b00$c20160824$lBLL01$h1817
=CAT  \\$aIPL-CLA$c20160930$lBLL01$h1603
=CAT  \\$aBATCH-UPD$b00$c20170216$lBLL01$h1906
=CAT  \\$aIPL-CLA$c20170331$lBLL01$h1844
=CAT  \\$aBATCH-UPD$b00$c20170904$lBLL01$h1917
=CAT  \\$aIPL-CLA$c20170929$lBLL01$h1728
=CAT  \\$aBATCH-UPD$b00$c20180223$lBLL01$h1749
=CAT  \\$aIPL-CLA$c20180331$lBLL01$h1619
=CAT  \\$aBATCH-UPD$b00$c20180524$lBLL01$h1734
=CAT  \\$aIPL-CLA$c20180630$lBLL01$h1916
=CAT  \\$a15190$b40$c20201015$lBLL01$h1136
=CAT  \\$a5552$b40$c20210811$lBLL01$h0708
=CAT  \\$aIPL-CLA$c20210930$lBLL01$h1528
=CAT  \\$aBATCH-UPD$b00$c20221121$lBLL01$h1411
=CAT  \\$aIPL-CLA$c20221231$lBLL01$h1445
=CFI  0\$aCurrent copyright fee: GBP34.95$c22\1$e01-jan-2023$fGBP34.95$g0$hP$5Uk
=CFI  2\$aPrevious copyright fee: GBP43.00$c22\1$e01-oct-2021$fGBP43.00$g0$hP$5Uk
=EST  \\$a1
=FFP  \\$aY$bBLDSS-3PM
=FIN  \\$aY$d20110719
=LKR  \\$aPAR$b012399496$lBLL01$r776$mColoproctology (Online)$nColoproctology (German ed. Print)
=MNI  \\$a0174-2442
=SID  \\$aZ39$bOCLC
=TCO  \\$aDEU$bVG WORT$c008
=TOC  \\$aETOC
=UNO  \\$aY
=ACF  \\$aPrevious copyright fee: GBP21.25$c23\8$e01-jan-2009$fGBP21.25$g0$hP$5Uk
=ACF  \\$aPrevious copyright fee: GBP16.75$c23\8$e01-jan-2007$fGBP16.75$g0$hP$5Uk
=ACF  \\$aPrevious copyright fee: GBP16.22$c23\8$e01-oct-2006$fGBP16.22$g0$hP$5Uk
=ACF  \\$aPrevious copyright fee: GBP17.14$c23\8$e01-apr-2006$fGBP17.14$g0$hP$5Uk
=ACF  \\$aPrevious copyright fee: GBP16.67$c23\8$e01-jan-2006$fGBP16.67$g0$hP$5Uk
=ACF  \\$aPrevious copyright fee: GBP16.22$c23\8$e01-apr-2005$fGBP16.22$g0$hP$5Uk
=ACF  \\$aPrevious copyright fee: GBP16.67$c23\8$e01-jan-2005$fGBP16.67$g0$hP$5Uk
=ACF  \\$aPrevious copyright fee: GBP22.00$c23\8$e01-apr-2009$fGBP22.00$g0$hP$5Uk
=ACF  \\$aPrevious copyright fee: GBP22.00$c23\8$e12-aug-2012$fGBP22.00$g0$hP$5Uk
=ACF  \\$aPrevious copyright fee: GBP25.00$c23\8$e01-jan-2013$fGBP25.00$g0$hP$5Uk
=ACF  \\$aPrevious copyright fee: GBP25.77$c23\8$e01-jul-2013$fGBP25.77$g0$hP$5Uk
=ACF  \\$aPrevious copyright fee: GBP24.97$c23\8$e01-jan-2014$fGBP24.97$g0$hP$5Uk
=ACF  \\$aPrevious copyright fee: GBP24.21$c23\8$e01-jul-2014$fGBP24.21$g0$hP$5Uk
=ACF  \\$aPrevious copyright fee: GBP25.77$c23\8$e01-apr-2015$fGBP25.77$g0$hP$5Uk
=ACF  \\$aPrevious copyright fee: GBP26.63$c23\8$e01-jul-2015$fGBP26.63$g0$hP$5Uk
=ACF  \\$aPrevious copyright fee: GBP25.77$c23\8$e01-oct-2015$fGBP25.77$g0$hP$5Uk
=ACF  \\$aPrevious copyright fee: GBP27.55$c23\8$e01-apr-2016$fGBP27.55$g0$hP$5Uk
=ACF  \\$aPrevious copyright fee: GBP29.59$c23\8$e01-oct-2016$fGBP29.59$g0$hP$5Uk
=ACF  \\$aPrevious copyright fee: GBP31.96$c23\8$e01-apr-2017$fGBP31.96$g0$hP$5Uk
=ACF  \\$aPrevious copyright fee: GBP30.73$c23\8$e01-oct-2017$fGBP30.73$g0$hP$5Uk
=ACF  \\$aPrevious copyright fee: GBP28.54$c23\8$e01-apr-2018$fGBP28.54$g0$hP$5Uk
=ACF  \\$aPrevious copyright fee: GBP34.00$c22\1$e01-jul-2018$fGBP34.00$g0$hP$5Uk
=LAS  \\$aIPL-CLA$b00$c20221231$lBLL01$h1445

