=LDR  04524cas a2201093 a 4500
=001  013217044
=003  Uk
=005  20221016105806.0
=006  m\\\\\\\\d\\\\\\\\
=007  cr\|||||||||||
=008  050608c19489999enkqr\p\o\\\\\0\\\a0eng\\
=FMT  \\$a  SE
=010  \\$a2009233382
=015  \\$aGBB348845$2bnb
=022  \\$a1744-6570$l0031-5826$y0031-5826$22
=030  \\$aPPSYAQ
=035  \\$a(OCoLC)57193985$z(OCoLC)123532627$z(OCoLC)222183003$z(OCoLC)224526390$z(OCoLC)427663024
=037  \\$aISSN_00315826$bPortico$nWiley
=040  \\$aTXH$beng$cTXH$dOCL$dRCE$dOCLCQ$dSYB$dGUA$dLGG$dCUD$dTXJ$dOCLCQ$dUk
=042  \\$aukblsr
=050  14$aHF5549.A2
=060  00$aW1$bPE8702
=082  04$a658.305
=130  0\$aPersonnel psychology (Online)
=222  \0$aPersonnel psychology$b(Online)
=245  10$aPersonnel psychology$h[electronic resource].
=260  \\$a[Oxford] :$bBlackwell Pub
=310  \\$aQuarterly
=336  \\$atext$2rdacontent
=337  \\$acomputer$2rdamedia
=338  \\$aonline resource$2rdacarrier
=362  1\$aPrint began in 1948.
=516  \\$aPDF format
=538  \\$aMode of access: World Wide Web.
=588  \\$aDescription based on: Vol. 49, no. 1 (Mar. 1996); title from journal information screen (Wiley InterScience, viewed Aug. 18, 2009).
=588  \\$aLatest issue consulted: Vol. 62, no. 3 (autumn 2009), viewed Aug. 18, 2009.
=540  \\$aCurrent Copyright Fee: GBP32.00$c35\0$5Uk
=650  \0$aPersonnel management$vPeriodicals.
=650  \2$aPersonnel Management$vPeriodicals.
=650  \2$aPsychology, Industrial$vPeriodicals.
=655  \0$aElectronic journals.
=690  7\$aManagement and Business Studies$2blcoll
=776  08$iPrint version:$tPersonnel psychology$x0031-5826
=859  \\$aELD$bejournal
=856  \\$31850-9999$uhttp://onlinelibrary.wiley.com/$xBLDSS
=852  41$aBritish Library$bHMNTS$jELD Digital store$3Volume 66:Issue 1(2013)-
=852  \\$aBritish Library$bDSC$j6428.095000$3Volume 58:Issue 1(2005)-Volume 67:Issue 4(2014)***See ESTAR for full holdings.
=945  \\$aPERSONNEL PSYCHOLOGY.
=959  \\$fHeld but not currently received
=979  \\$aBritish Library$bDSC$j6428.095000
=CAT  \\$a7174$b40$c20050608$lBLL01$h1549
=CAT  \\$aBATCH-CLA$b00$c20121109$lBLL01$h1729
=CAT  \\$a8201$b40$c20130517$lBLL01$h0917
=CAT  \\$aBATCH-MBS$c20130524$lBLL01$h2059
=CAT  \\$aWR13.114$c20130717$lBLL01$h1313
=CAT  \\$aBATCH-PORT$c20130829$lBLL01$h1114
=CAT  \\$aBATCH-CLA$b00$c20140125$lBLL01$h1252
=CAT  \\$aWR14_009$c20140204$lBLL01$h2342
=CAT  \\$aBATCH-CLA$c20140225$lBLL01$h2324
=CAT  \\$aBLDSS-3PM$b00$c20141214$lBLL01$h1522
=CAT  \\$aBATCH-UPD$b00$c20150215$lBLL01$h1626
=CAT  \\$aIPL-CLA$c20150228$lBLL01$h2048
=CAT  \\$aCDS15-UPD$b40$c20150918$lBLL01$h1639
=CAT  \\$aBATCH-UPD$b40$c20160527$lBLL01$h1446
=CAT  \\$aW1703-0316$c20170306$lBLL01$h1824
=CAT  \\$aW1703-0316$c20170307$lBLL01$h1648
=CAT  \\$aIPL-CLA$c20170307$lBLL01$h1824
=CAT  \\$aW1711-1005$c20171206$lBLL01$h1817
=CAT  \\$aBATCH-UPD$b00$c20180219$lBLL01$h1747
=CAT  \\$aBATCH-UPD$b00$c20181121$lBLL01$h1622
=CAT  \\$aIPL-CLA$c20181231$lBLL01$h1542
=CAT  \\$aR1911-0245$c20191127$lBLL01$h0823
=CAT  \\$aR1911-0245$c20191127$lBLL01$h1045
=CAT  \\$aIPL-CLA$c20191231$lBLL01$h1933
=CAT  \\$a5410$b40$c20200822$lBLL01$h1325
=CAT  \\$a5410$b40$c20221016$lBLL01$h1058
=CFI  0\$aCurrent Copyright Fee: GBP32.00$c35\0$e01-jan-2020$fGBP32.00$g0$hP$5Uk
=CFI  2\$aPrevious copyright fee: GBP28.00$c35\0$e01-jan-2019$fGBP28.00$g0$hP$5Uk
=EST  \\$a1
=FFP  \\$aY$bBLDSS-3PM
=FIN  \\$aY$d20130517
=LKR  \\$aPAR$b007192744$lBLL01$r776$mPersonnel psychology$nPERSONNEL PSYCHOLOGY.
=MNI  \\$a0031-5826
=SID  \\$aZ39$bOCLC
=TCO  \\$aTRS$bCCC$c008
=TOC  \\$aETOC
=UNO  \\$aY
=ACF  \\$aPrevious copyright fee: GBP16.00$c10\0$e01-jan-2006$fGBP16.00$g0$hP$5Uk
=ACF  \\$aPrevious copyright fee: GBP15.00$c10\0$e01-jan-2005$fGBP15.00$g0$hP$5Uk
=ACF  \\$aPrevious copyright fee: GBP17.00$c10\0$e01-jan-2009$fGBP17.00$g0$hP$5Uk
=ACF  \\$aPrevious copyright fee: GBP22.00$c10\0$e01-jan-2011$fGBP22.00$g0$hP$5Uk
=ACF  \\$aPrevious copyright fee: GBP24.00$c10\0$e01-mar-2015$fGBP24.00$g0$hP$5Uk
=ACF  \\$aPrevious copyright fee: GBP24.00$c35\0$e07-mar-2017$fGBP24.00$g0$hP$5Uk
=LAS  \\$a5410$b40$c20221016$lBLL01$h1058

