=LDR  04141cas a2201045 a 4500
=001  013336881
=003  Uk
=005  20221016110158.0
=006  m\\\\\\\\d\\\\\\\\
=007  cr||||||||||||
=008  970730c19849999nyumr1pss\\\\\0\\\a0eng\d
=FMT  \\$a  SE
=010  \\$asn 98007797
=015  \\$aGBA599873$2bnb
=022  \\$y0265-9247$a1521-1878
=037  \\$aISSN_02659247$bPortico$nWiley
=040  \\$aDLM$beng$cDLM$dOCL$dNSD$dOCLCQ$dGUA$dMUQ$dUk
=042  \\$ansdp$aukblsr
=050  14$aQH506
=082  10$a572.8$222
=130  0\$aBioEssays (Online)
=210  0\$aBioEssays$b(Online)
=222  \0$aBioEssays$b(Online)
=245  10$aBioEssays$h[electronic resource].
=260  \\$a[Cambridge, UK] :$bCo. of Biologists
=310  \\$aMonthly
=336  \\$atext$2rdacontent
=337  \\$acomputer$2rdamedia
=338  \\$aonline resource$2rdacarrier
=362  1\$aPrint began with v. 1, no. 1 (July 1984).
=500  \\$aPublished: [New York, NY] : John Wiley & Sons, Jan. 1998-
=516  \\$aPDF format
=538  \\$aMode of access: World Wide Web.
=500  \\$aDescription based on: Vol. 20, issue 1 (Jan. 1998); title from contents screen (InterScience, viewed May 28, 2004).
=500  \\$aLatest issue consulted: Vol. 26, issue 6 (June 2004), viewed May 28, 2004.
=540  \\$aCurrent copyright fee: GBP46.00$c35\0$5Uk
=650  \0$aMolecular biology$vPeriodicals.
=650  \0$aCytology$vPeriodicals.
=650  \0$aDevelopmental biology$vPeriodicals.
=776  0\$tBioEssays$x0265-9247
=859  \\$aELD$bejournal
=856  \\$31850-9999$uhttp://onlinelibrary.wiley.com/$xBLDSS
=852  41$aBritish Library$bSTI$jELD Digital store$3Volume 35:Number 1(2013:Jan.)-***Previous issues available in print copy
=852  41$aBritish Library$bDSC$j2072.118000$3Volume 28:Issue 1(2006)-Volume 36:Issue 12(2014)***See ESTAR for full holdings.
=945  \\$aBioessays
=959  \\$fHeld but not currently received
=979  \\$aBritish Library$bDSC$j2072.118000
=985  \\$aCONFERENCE ANALYTIC RECORDS EXIST
=CAT  \\$a11279$b40$c20051115$lBLL01$h1321
=CAT  \\$a7174$b40$c20080128$lBLL01$h1149
=CAT  \\$aBATCH-UPD$b40$c20101116$lBLL01$h1334
=CAT  \\$aIPL-CLA$c20101231$lBLL01$h1516
=CAT  \\$aWR12_168$c20121206$lBLL01$h1816
=CAT  \\$aBATCH-CLA$b00$c20130526$lBLL01$h1656
=CAT  \\$aWR13.114$c20130717$lBLL01$h1313
=CAT  \\$aBATCH-PORT$c20130829$lBLL01$h1113
=CAT  \\$aWR14_009$c20140204$lBLL01$h2343
=CAT  \\$a10997$b40$c20140704$lBLL01$h1046
=CAT  \\$aBLDSS-3PM$b00$c20141214$lBLL01$h1522
=CAT  \\$aBATCH-UPD$b00$c20150215$lBLL01$h1656
=CAT  \\$aIPL-CLA$c20150228$lBLL01$h2049
=CAT  \\$aCDS15-UPD$b40$c20150918$lBLL01$h1639
=CAT  \\$aBATCH-UPD$b40$c20160531$lBLL01$h1339
=CAT  \\$aW1711-1005$c20171206$lBLL01$h1817
=CAT  \\$aBATCH-UPD$b00$c20180219$lBLL01$h1747
=CAT  \\$aBATCH-UPD$b00$c20181121$lBLL01$h1622
=CAT  \\$aIPL-CLA$c20181231$lBLL01$h1543
=CAT  \\$a5410$b40$c20191014$lBLL01$h1228
=CAT  \\$aR1911-0245$c20191127$lBLL01$h0945
=CAT  \\$aR1911-0245$c20191127$lBLL01$h1045
=CAT  \\$aIPL-CLA$c20191231$lBLL01$h1936
=CAT  \\$aW2111-0842$c20211209$lBLL01$h1035
=CAT  \\$aIPL-CLA$c20211231$lBLL01$h1543
=CAT  \\$a5410$b40$c20221016$lBLL01$h1101
=CFI  0\$aCurrent copyright fee: GBP46.00$c35\0$e01-jan-2022$fGBP46.00$g0$hP$5Uk
=CFI  2\$aPrevious Copyright Fee: GBP39.00$c35\0$e01-jan-2020$fGBP39.00$g0$hP$5Uk
=EST  \\$a1
=FFP  \\$aY$bBLDSS-3PM
=FIN  \\$aY$d20051117
=MNI  \\$a0265-9247
=SID  \\$aZ39$bOCLC
=TCO  \\$aTRS$bCCC$c008
=TCO  \\$aCLA$bCLA$c008
=TOC  \\$aETOC
=UNO  \\$aY
=ACF  \\$aPrevious Copyright Fee: GBP17.00$c35\0$e01-apr-2005$fGBP17.00$g0$hP$5Uk
=ACF  \\$aPrevious copyright fee: GBP22.00$c35\0$e01-jan-2011$fGBP22.00$g0$hP$5Uk
=ACF  \\$aPrevious copyright fee: GBP24.00$c35\0$e01-mar-2015$fGBP24.00$g0$hP$5Uk
=ACF  \\$aPrevious copyright fee: GBP28.00$c35\0$e01-jan-2019$fGBP28.00$g0$hP$5Uk
=LAS  \\$a5410$b40$c20221016$lBLL01$h1101

