=LDR  03865cas a2200973 a 4500
=001  013338825
=003  Uk
=005  20221016110244.0
=006  m\\\\\\\\d\\\\\\\\
=007  cr\cnu||||||||
=008  990622c19879999nyubx1pss\\\\\0\\\a0eng\d
=FMT  \\$a  SE
=010  \\$a2001212359
=015  \\$aGBB350974$2bnb
=022  \\$a1099-0720
=037  \\$aISSN_08884080$bPortico$nWiley
=040  \\$aDLM$cDLM$dNSD$dTJC$dOCLCQ$dMUQ$dUk
=042  \\$ansdp$aukblsr
=082  10$a153$222
=130  0\$aApplied cognitive psychology (Online)
=210  0\$aAppl. cogn. psychol.$b(Online)
=222  \0$aApplied cognitive psychology$b(Online)
=245  10$aApplied cognitive psychology$h[electronic resource].
=260  \\$a[New York] :$bWiley
=310  \\$aSeven no. yearly
=336  \\$atext$2rdacontent
=337  \\$acomputer$2rdamedia
=338  \\$aonline resource$2rdacarrier
=362  1\$aPrint began with vol. 1, no. 1 (Jan.-Mar. 1987).
=500  \\$aDescription based on: Vol. 11, issue 1 (Feb. 1997); title from contents screen (viewed Jan. 23, 2001).
=525  \\$aSpecial issues accompany some vols.
=530  \\$aAlso issued in print.
=538  \\$aMode of access: World Wide Web.
=540  \\$aCurrent Copyright Fee: GBP32.00$c35\0$5Uk
=650  \0$aCognition$vPeriodicals.
=650  \0$aPsychology, Applied$vPeriodicals.
=776  1\$tApplied cognitive psychology$x0888-4080
=859  \\$aELD$bejournal
=856  \\$31850-9999$uhttp://onlinelibrary.wiley.com/$xBLDSS
=852  41$aBritish Library$bHMNTS$jELD Digital store$3Volume 27:Issue 1(2013)-***Previous issues available in print copy
=852  41$aBritish Library$bDSC$j1571.936500$3Volume 18:Issue 4(2004)-Volume 28:Issue 6(2014)***See ESTAR for full holdings.
=945  \\$aApplied cognitive psychology
=959  \\$fHeld but not currently received
=979  \\$aBritish Library$bDSC$j1571.936500
=CAT  \\$a3072$b40$c20051116$lBLL01$h1339
=CAT  \\$a3072$b40$c20051116$lBLL01$h1348
=CAT  \\$a8464$b40$c20051214$lBLL01$h1132
=CAT  \\$aBATCH-UPD$b40$c20060901$lBLL01$h0959
=CAT  \\$aBATCH-UPD$b40$c20060901$lBLL01$h1030
=CAT  \\$aBATCH-UPD$b40$c20101116$lBLL01$h1334
=CAT  \\$aIPL-CLA$c20101231$lBLL01$h1516
=CAT  \\$aWR12_168$c20121206$lBLL01$h1816
=CAT  \\$a8456$b40$c20130524$lBLL01$h1410
=CAT  \\$aWR13.114$c20130717$lBLL01$h1313
=CAT  \\$aBATCH-PORT$c20130829$lBLL01$h1113
=CAT  \\$aWR14_009$c20140204$lBLL01$h2341
=CAT  \\$aBLDSS-3PM$b00$c20141214$lBLL01$h1522
=CAT  \\$aBATCH-UPD$b00$c20150215$lBLL01$h1656
=CAT  \\$aIPL-CLA$c20150228$lBLL01$h2049
=CAT  \\$aCDS15-UPD$b40$c20150918$lBLL01$h1639
=CAT  \\$aBATCH-UPD$b40$c20160615$lBLL01$h1957
=CAT  \\$aW1711-1005$c20171206$lBLL01$h1817
=CAT  \\$aBATCH-UPD$b00$c20180219$lBLL01$h1747
=CAT  \\$aBATCH-UPD$b00$c20181121$lBLL01$h1622
=CAT  \\$aIPL-CLA$c20181231$lBLL01$h1543
=CAT  \\$a5410$b40$c20191007$lBLL01$h1211
=CAT  \\$aR1911-0245$c20191127$lBLL01$h0823
=CAT  \\$aR1911-0245$c20191127$lBLL01$h1045
=CAT  \\$aIPL-CLA$c20191231$lBLL01$h1936
=CAT  \\$a5410$b40$c20221016$lBLL01$h1102
=CFI  0\$aCurrent Copyright Fee: GBP32.00$c35\0$e01-jan-2020$fGBP32.00$g0$hP$5Uk
=CFI  2\$aPrevious copyright fee: GBP28.00$c35\0$e01-jan-2019$fGBP28.00$g0$hP$5Uk
=EST  \\$a1
=FFP  \\$aY$bBLDSS-3PM
=FIN  \\$aY$d20051116
=MNI  \\$a0888-4080
=SID  \\$aZ39$bOCLC
=TCO  \\$aTRS$bCCC$c008
=TOC  \\$aETOC
=UNO  \\$aY
=ACF  \\$aPrevious Copyright Fee: GBP17.00$c35\0$e01-apr-2005$fGBP17.00$g0$hP$5Uk
=ACF  \\$aPrevious copyright fee: GBP22.00$c35\0$e01-jan-2011$fGBP22.00$g0$hP$5Uk
=ACF  \\$aPrevious copyright fee: GBP24.00$c35\0$e01-mar-2015$fGBP24.00$g0$hP$5Uk
=LAS  \\$a5410$b40$c20221016$lBLL01$h1102

