=LDR  04385cas a2201045 a 4500
=001  013338930
=003  Uk
=005  20211231154316.0
=006  m\\\\\o\\d\\\\\\\\
=007  cr\cnu||||||||
=008  990824c19999999nyuqr1pso\\\\\0\\\a0eng\d
=FMT  \\$a  SE
=010  \\$asn 99009168
=015  \\$aGBB350980$2bnb
=022  \\$a1526-4025
=037  \\$aISSN_15241904$bPortico$nWiley
=040  \\$aNSD$cNSD$dDLC$dOCLCQ$dMYG$dLVB$dWAU$dOCLCQ$dUk
=042  \\$ansdp$aukblsr
=050  14$aQA274.A1
=082  10$a338.00151923$222
=130  0\$aApplied stochastic models in business and industry (Online)
=210  0\$aAppl. stoch. models bus. ind.$b(Online)
=222  \0$aApplied stochastic models in business and industry$b(Online)
=245  10$aApplied stochastic models in business and industry$h[electronic resource].
=260  \\$aNew York, NY :$bJohn Wiley & Sons,$cc1999-
=310  \\$aQuarterly
=336  \\$atext$2rdacontent
=337  \\$acomputer$2rdamedia
=338  \\$aonline resource$2rdacarrier
=362  0\$aVol. 15 issue 2 (Apr./June 1999)-
=500  \\$aTitle from contents screen viewed (Nov. 21, 2000).
=500  \\$aLatest issue consulted: Vol. 18, issue 4 (Oct./Dec. 2002).
=530  \\$aAlso issued in print.
=538  \\$aMode of access: World Wide Web.
=540  \\$aCurrent copyright fee: GBP39.00$c35\0$5Uk
=650  \0$aStochastic analysis$vPeriodicals.
=650  \0$aStochastic processes$vPeriodicals.
=650  \0$aBusiness mathematics$vPeriodicals.
=650  \0$aFinance$xMathematical models$vPeriodicals.
=650  \0$aIndustrial management$xMathematical models$vPeriodicals.
=690  7\$aManagement and Business Studies$2blcoll
=776  1\$tApplied stochastic models in business and industry$x1524-1904
=780  00$tApplied stochastic models and data analysis (Online)$x1099-0747
=859  \\$aELD$bejournal
=856  \\$31850-9999$uhttp://onlinelibrary.wiley.com/$xBLDSS
=852  41$aBritish Library$bSTI$jELD Digital store$3Volume 29:Number 1(2013:Jan./Feb.)-***Previous issues available in print copy
=852  41$aBritish Library$bDSC$j1580.062200$3Volume 22:Issue 1(2006)-Volume 27:Issue 6(2011)***See ESTAR for full holdings.
=945  \\$aApplied stochastic models in business and industry
=959  \\$fHeld but not currently received
=CAT  \\$a3072$b40$c20051116$lBLL01$h1427
=CAT  \\$a8464$b40$c20051214$lBLL01$h1217
=CAT  \\$aBATCH-UPD$b40$c20060901$lBLL01$h0959
=CAT  \\$aBATCH-UPD$b40$c20060901$lBLL01$h1030
=CAT  \\$aBATCH$b00$c20090624$lBLL01$h1707
=CAT  \\$aBATCH-UPD$b00$c20101116$lBLL01$h1334
=CAT  \\$aIPL-CLA$c20101231$lBLL01$h1516
=CAT  \\$aCDS12-UPD$b40$c20120402$lBLL01$h1434
=CAT  \\$aWR12_168$c20121206$lBLL01$h1816
=CAT  \\$a8456$b40$c20130524$lBLL01$h1417
=CAT  \\$aWR13.114$c20130717$lBLL01$h1313
=CAT  \\$aBATCH-PORT$c20130829$lBLL01$h1113
=CAT  \\$aWR14_009$c20140204$lBLL01$h2342
=CAT  \\$aBLDSS-3PM$b00$c20141214$lBLL01$h1522
=CAT  \\$aBATCH-UPD$b00$c20150215$lBLL01$h1656
=CAT  \\$aIPL-CLA$c20150228$lBLL01$h2049
=CAT  \\$aBATCH-UPD$b00$c20160602$lBLL01$h1203
=CAT  \\$aW1711-1005$c20171206$lBLL01$h1817
=CAT  \\$aBATCH-UPD$b00$c20180219$lBLL01$h1747
=CAT  \\$aBATCH-UPD$b00$c20181121$lBLL01$h1622
=CAT  \\$aIPL-CLA$c20181231$lBLL01$h1543
=CAT  \\$aR1911-0245$c20191127$lBLL01$h0823
=CAT  \\$aR1911-0245$c20191127$lBLL01$h1045
=CAT  \\$aIPL-CLA$c20191231$lBLL01$h1936
=CAT  \\$aW2111-0842$c20211208$lBLL01$h1942
=CAT  \\$aIPL-CLA$c20211231$lBLL01$h1543
=CFI  0\$aCurrent copyright fee: GBP39.00$c35\0$e01-jan-2022$fGBP39.00$g0$hP$5Uk
=CFI  2\$aPrevious Copyright Fee: GBP32.00$c35\0$e01-jan-2020$fGBP32.00$g0$hP$5Uk
=EST  \\$a1
=FFP  \\$aY$bBLDSS-3PM
=FIN  \\$aY$d20051116
=MNI  \\$a1524-1904
=SID  \\$aZ39$bOCLC
=TCO  \\$aTRS$bCCC$c008
=TOC  \\$aETOC
=UNO  \\$aY
=ACF  \\$aPrevious Copyright Fee: GBP17.00$c35\0$e01-apr-2005$fGBP17.00$g0$hP$5Uk
=ACF  \\$aPrevious copyright fee: GBP22.00$c35\0$e01-jan-2011$fGBP22.00$g0$hP$5Uk
=ACF  \\$aPrevious copyright fee: GBP24.00$c35\0$e01-mar-2015$fGBP24.00$g0$hP$5Uk
=ACF  \\$aPrevious copyright fee: GBP28.00$c35\0$e01-jan-2019$fGBP28.00$g0$hP$5Uk
=LAS  \\$aIPL-CLA$b00$c20211231$lBLL01$h1543

