=LDR  04149cas a2201021 a 4500
=001  013338982
=003  Uk
=005  20211231154316.0
=006  m\\\\\\\\d\\\\\\\\
=007  cr\mnu\\\\\\\\
=008  000503c19919999nyubr1pss\\\\\0\\\a0eng\d
=FMT  \\$a  SE
=010  \\$a2001212356
=015  \\$aGBB349563$2bnb
=022  \\$a1099-0755
=037  \\$aISSN_10527613$bPortico$nWiley
=040  \\$aOH1$cOH1$dNSD$dEYM$dOCLCQ$dOCL$dUk
=042  \\$ansdp$aukblsr
=050  14$aQH541.5.W3$bA67
=082  00$a333.95216$222
=130  0\$aAquatic conservation (Online)
=210  0\$aAquat. conserv.$b(Online)
=222  \0$aAquatic conservation$b(Online)
=245  10$aAquatic conservation$h[electronic resource] :$bmarine and freshwater ecosystems.
=260  \\$aNew York :$bJ. Wiley
=310  \\$aBimonthly,$b1998-
=321  \\$aQuarterly,$b-1997
=336  \\$atext$2rdacontent
=337  \\$acomputer$2rdamedia
=338  \\$aonline resource$2rdacarrier
=362  1\$aPrint began with vol. 1, no. 1 (Sept. 1991).
=500  \\$aDescription based on: Vol. 7, issue 1 (Mar. 1997); title from general information screen (viewed May 3, 2000).
=588  \\$aLatest issue consulted: volume 23, issue 2 (April 2013); (Wiley Online Library, viewed May 21, 2013).
=530  \\$aAlso issued in print.
=538  \\$aMode of access: World Wide Web.
=540  \\$aCurrent copyright fee: GBP46.00$c35\0$5Uk
=650  \0$aAquatic ecology$vPeriodicals.
=650  \0$aConservation of natural resources$vPeriodicals.
=650  \0$aAquatic resources$vPeriodicals.
=776  1\$tAquatic conservation$x1052-7613
=859  \\$aELD$bejournal
=856  \\$31850-9999$uhttp://onlinelibrary.wiley.com/$xBLDSS
=852  41$aBritish Library$bHMNTS$jELD Digital store$3Volume 23:Issue 1(2013)-***previous issues available in print copy
=852  41$aBritish Library$bDSC$j1582.371000$3Volume 16:Issue 1(2006)-Volume 24:Issue 6(2014)***See ESTAR for full holdings.
=945  \\$aAquatic conservation
=959  \\$fHeld but not currently received
=985  \\$aCONFERENCE ANALYTIC &RECORDS EXIST
=CAT  \\$a3072$b40$c20051116$lBLL01$h1445
=CAT  \\$a8124$b40$c20130521$lBLL01$h1436
=CAT  \\$a8124$b40$c20130521$lBLL01$h1437
=CAT  \\$aWR13.114$c20130717$lBLL01$h1313
=CAT  \\$aBATCH-PORT$c20130829$lBLL01$h1113
=CAT  \\$aWR14_009$c20140204$lBLL01$h2343
=CAT  \\$a13041$b40$c20141210$lBLL01$h1118
=CAT  \\$aBLDSS-3PM$b00$c20141214$lBLL01$h1522
=CAT  \\$aBATCH-UPD$b00$c20150215$lBLL01$h1656
=CAT  \\$aIPL-CLA$c20150228$lBLL01$h2049
=CAT  \\$aCDS15-UPD$b40$c20150918$lBLL01$h1639
=CAT  \\$aBATCH-UPD$b40$c20160518$lBLL01$h1844
=CAT  \\$aW1711-1005$c20171206$lBLL01$h1817
=CAT  \\$aBATCH-UPD$b00$c20180219$lBLL01$h1747
=CAT  \\$aBATCH-UPD$b00$c20181121$lBLL01$h1622
=CAT  \\$aIPL-CLA$c20181231$lBLL01$h1543
=CAT  \\$a5410$b40$c20191008$lBLL01$h1334
=CAT  \\$aR1911-0245$c20191127$lBLL01$h0944
=CAT  \\$aR1911-0245$c20191127$lBLL01$h1045
=CAT  \\$aIPL-CLA$c20191231$lBLL01$h1936
=CAT  \\$a12654$b40$c20211007$lBLL01$h0733
=CAT  \\$a5410$b40$c20211103$lBLL01$h0823
=CAT  \\$a5410$b40$c20211103$lBLL01$h0824
=CAT  \\$a5410$b40$c20211105$lBLL01$h1353
=CAT  \\$aW2111-0842$c20211209$lBLL01$h1035
=CAT  \\$aIPL-CLA$c20211231$lBLL01$h1543
=CFI  0\$aCurrent copyright fee: GBP46.00$c35\0$e01-jan-2022$fGBP46.00$g0$hP$5Uk
=CFI  2\$aPrevious Copyright Fee: GBP39.00$c35\0$e01-jan-2020$fGBP39.00$g0$hP$5Uk
=EST  \\$a1
=FFP  \\$aY$bBLDSS-3PM
=FIN  \\$aY$d20051116
=MNI  \\$a1052-7613
=SID  \\$aZ39$bOCLC
=TCO  \\$aTRS$bCCC$c008
=TOC  \\$aETOC
=UNO  \\$aY
=ACF  \\$aPrevious Copyright Fee: GBP17.00$c35\0$e01-apr-2005$fGBP17.00$g0$hP$5Uk
=ACF  \\$aPrevious copyright fee: GBP22.00$c35\0$e01-jan-2011$fGBP22.00$g0$hP$5Uk
=ACF  \\$aPrevious copyright fee: GBP24.00$c35\0$e01-mar-2015$fGBP24.00$g0$hP$5Uk
=ACF  \\$aPrevious copyright fee: GBP28.00$c35\0$e01-jan-2019$fGBP28.00$g0$hP$5Uk
=LAS  \\$aIPL-CLA$b00$c20211231$lBLL01$h1543

