=LDR  04144cas a2201009 a 4500
=001  013339039
=003  Uk
=005  20221016110450.0
=006  m\\\\\o\\d\\\\\\\\
=007  cr\mnu||||||||
=008  000503c19949999enkqx\p\o\\\\\0\\\a0eng\d
=FMT  \\$a  SE
=010  \\$a2001212355
=015  \\$aGBB350416$2bnb
=022  \\$a1099-0763
=037  \\$aISSN_10752196$bPortico$nWiley
=040  \\$aOH1$cOH1$dNSD$dEYM$dOCLCQ$dOCL$dUk
=042  \\$ansdp$aukblsr
=050  14$aCC76$b.A75
=082  00$a930.1028$222
=130  0\$aArchaeological prospection (Online)
=210  0\$aArchaeol. prospect.$b(Online)
=222  \0$aArchaeological prospection$b(Online)
=245  10$aArchaeological prospection$h[electronic resource].
=260  \\$aNew York ;$a[Chichester, West Sussex, England] :$bJ. Wiley & Sons
=310  \\$aQuarterly,$b<2005->
=321  \\$aFour no. a year,1994-
=336  \\$atext$2rdacontent
=337  \\$acomputer$2rdamedia
=338  \\$aonline resource$2rdacarrier
=362  1\$aPrint began with vol. 1, no. 1 (Nov. 1994).
=530  \\$aAlso issued in print.
=538  \\$aMode of access: World Wide Web.
=588  \\$aDescription based on: Vol. 3, issue 1 (Mar. 1996); title from table of contents screen (Wiley InterScience; viewed: 8/14/2006).
=588  \\$aLatest issue consulted: Vol. 13, issue 3 (July/Sept. 2006); Wiley InterScience (viewed 8/14/2006).
=540  \\$aCurrent copyright fee: GBP39.00$c35\0$5Uk
=650  \0$aArchaeology$xField work$vPeriodicals.
=650  \0$aProspecting$vPeriodicals.
=776  1\$tArchaeological prospection$x1075-2196
=859  \\$aELD$bejournal
=856  \\$31850-9999$uhttp://onlinelibrary.wiley.com/$xBLDSS
=852  41$aBritish Library$bSTI$jELD Digital store$3Volume 20:Issue 1(2013)-***Previous issues available in print copy
=852  41$aBritish Library$bDSC$j1594.795000$3Volume 13:Issue 1(2006)-Volume 21:Issue 4(2014)***See ESTAR for full holdings.
=945  \\$aArchaeological prospection
=959  \\$fHeld but not currently received
=979  \\$aBritish Library$bDSC$j1594.795000
=CAT  \\$a3072$b40$c20051116$lBLL01$h1512
=CAT  \\$aBATCH-UPD$b40$c20060901$lBLL01$h1030
=CAT  \\$aBATCH-UPD$b40$c20101116$lBLL01$h1334
=CAT  \\$aIPL-CLA$c20101231$lBLL01$h1516
=CAT  \\$aWR12_168$c20121206$lBLL01$h1816
=CAT  \\$a8456$b40$c20130522$lBLL01$h1019
=CAT  \\$a8456$b40$c20130522$lBLL01$h1023
=CAT  \\$aWR13.114$c20130717$lBLL01$h1313
=CAT  \\$aBATCH-PORT$c20130829$lBLL01$h1113
=CAT  \\$aWR14_009$c20140204$lBLL01$h2342
=CAT  \\$aBLDSS-3PM$b00$c20141214$lBLL01$h1522
=CAT  \\$aBATCH-UPD$b00$c20150215$lBLL01$h1656
=CAT  \\$aIPL-CLA$c20150228$lBLL01$h2049
=CAT  \\$aCDS15-UPD$b40$c20150918$lBLL01$h1639
=CAT  \\$aBATCH-UPD$b40$c20160517$lBLL01$h1526
=CAT  \\$aW1711-1005$c20171206$lBLL01$h1817
=CAT  \\$aBATCH-UPD$b00$c20180219$lBLL01$h1747
=CAT  \\$aBATCH-UPD$b00$c20181121$lBLL01$h1622
=CAT  \\$aIPL-CLA$c20181231$lBLL01$h1543
=CAT  \\$a5410$b40$c20191008$lBLL01$h1336
=CAT  \\$aR1911-0245$c20191127$lBLL01$h0823
=CAT  \\$aR1911-0245$c20191127$lBLL01$h1045
=CAT  \\$aIPL-CLA$c20191231$lBLL01$h1936
=CAT  \\$aW2111-0842$c20211208$lBLL01$h1942
=CAT  \\$aIPL-CLA$c20211231$lBLL01$h1543
=CAT  \\$a5410$b40$c20221016$lBLL01$h1104
=CFI  0\$aCurrent copyright fee: GBP39.00$c35\0$e01-jan-2022$fGBP39.00$g0$hP$5Uk
=CFI  2\$aPrevious Copyright Fee: GBP32.00$c35\0$e01-jan-2020$fGBP32.00$g0$hP$5Uk
=EST  \\$a1
=FFP  \\$aY$bBLDSS-3PM
=FIN  \\$aY$d20051116
=MNI  \\$a1075-2196
=SID  \\$aZ39$bOCLC
=TCO  \\$aTRS$bCCC$c008
=TOC  \\$aETOC
=UNO  \\$aY
=ACF  \\$aPrevious Copyright Fee: GBP17.00$c35\0$e01-apr-2005$fGBP17.00$g0$hP$5Uk
=ACF  \\$aPrevious copyright fee: GBP22.00$c35\0$e01-jan-2011$fGBP22.00$g0$hP$5Uk
=ACF  \\$aPrevious copyright fee: GBP24.00$c35\0$e01-mar-2015$fGBP24.00$g0$hP$5Uk
=ACF  \\$aPrevious copyright fee: GBP28.00$c35\0$e01-jan-2019$fGBP28.00$g0$hP$5Uk
=LAS  \\$a5410$b40$c20221016$lBLL01$h1104

