=LDR  03958cas a2200985 a 4500
=001  013339132
=003  Uk
=005  20191231193627.0
=006  m\\\\\\\\d\\\\\\\\
=007  cr\cn|||||||||
=008  991025c19949999nyuqr1pso\\\\\0\\\a0eng\d
=FMT  \\$a  SE
=010  \\$a2001212354
=015  \\$aGBB350945$2bnb
=022  0\$a1099-078X$y1072-0847
=037  \\$aISSN_10720847$bPortico$nWiley
=040  \\$aEXW$cEXW$dNSD$dTJC$dEYM$dOCLCQ$dUk
=042  \\$ansdp$aukblsr
=050  14$aRJ505.B4$bB45
=082  10$a616.89142$222
=130  0\$aBehavioral interventions (Online)
=210  0\$aBehav. interv.$b(Online)
=222  \0$aBehavioral interventions$b(Online)
=245  10$aBehavioral interventions$h[electronic resource].
=260  \\$a[New York] :$bJohn Wiley & Sons
=310  \\$aQuarterly
=336  \\$atext$2rdacontent
=337  \\$acomputer$2rdamedia
=338  \\$aonline resource$2rdacarrier
=362  1\$aPrint began with vol. 9, no. 1 (Jan. 1994).
=500  \\$aDescription based on: Vol. 12, issue 1 (Jan. 1997); title from title information screen (viewed Oct. 25, 1999).
=500  \\$aLatest issue consulted: Vol. 16, issue 2 (Apr./June 2001).
=530  \\$aAlso issued in print.
=538  \\$aMode of access: World Wide Web.
=540  \\$aCurrent Copyright Fee: GBP32.00$c35\0$5Uk
=650  \0$aPeople with mental disabilities$xBehavior modification$vPeriodicals.
=650  \0$aBehavior therapy$vPeriodicals.
=710  2\$aWiley InterScience (Online service)
=776  1\$tBehavioral interventions$x1072-0847
=859  \\$aELD$bejournal
=856  \\$31850-9999$uhttp://onlinelibrary.wiley.com/$xBLDSS
=852  41$aBritish Library$bHMNTS$jELD Digital store$3Volume 28:Number 1(2013:Feb.)-***Previous issues available in print copy
=852  41$aBritish Library$bDSC$j1877.500000$3Volume 21:Issue 1(2006)-Volume 26:Issue 4(2011)***See ESTAR for full holdings.
=945  \\$aBehavioral interventions
=959  \\$fHeld but not currently received
=CAT  \\$a3072$b40$c20051116$lBLL01$h1611
=CAT  \\$a3072$b40$c20051116$lBLL01$h1618
=CAT  \\$a8180$b40$c20060502$lBLL01$h1121
=CAT  \\$aBATCH-UPD$b40$c20060901$lBLL01$h0959
=CAT  \\$aBATCH-UPD$b40$c20060901$lBLL01$h1030
=CAT  \\$aBATCH-UPD$b40$c20101116$lBLL01$h1334
=CAT  \\$aIPL-CLA$c20101231$lBLL01$h1516
=CAT  \\$aCDS12-UPD$b40$c20120402$lBLL01$h1434
=CAT  \\$aWR12_168$c20121206$lBLL01$h1816
=CAT  \\$a8456$b40$c20130524$lBLL01$h1246
=CAT  \\$aBATCH-CLA$b00$c20130526$lBLL01$h1651
=CAT  \\$aWR13.114$c20130717$lBLL01$h1313
=CAT  \\$aBATCH-PORT$c20130829$lBLL01$h1113
=CAT  \\$aWR14_009$c20140204$lBLL01$h2343
=CAT  \\$aBLDSS-3PM$b00$c20141214$lBLL01$h1522
=CAT  \\$aBATCH-UPD$b00$c20150215$lBLL01$h1656
=CAT  \\$aIPL-CLA$c20150228$lBLL01$h2049
=CAT  \\$aBATCH-UPD$b00$c20160607$lBLL01$h1325
=CAT  \\$aW1711-1005$c20171206$lBLL01$h1817
=CAT  \\$aBATCH-UPD$b00$c20180219$lBLL01$h1747
=CAT  \\$aBATCH-UPD$b00$c20181121$lBLL01$h1622
=CAT  \\$aIPL-CLA$c20181231$lBLL01$h1543
=CAT  \\$aR1911-0245$c20191127$lBLL01$h0823
=CAT  \\$aR1911-0245$c20191127$lBLL01$h1045
=CAT  \\$aIPL-CLA$c20191231$lBLL01$h1936
=CFI  0\$aCurrent Copyright Fee: GBP32.00$c35\0$e01-jan-2020$fGBP32.00$g0$hP$5Uk
=CFI  2\$aPrevious copyright fee: GBP28.00$c35\0$e01-jan-2019$fGBP28.00$g0$hP$5Uk
=EST  \\$a1
=FFP  \\$aY$bBLDSS-3PM
=FIN  \\$aY$d20051116
=MNI  \\$a1072-0847
=SID  \\$aZ39$bOCLC
=TCO  \\$aTRS$bCCC$c008
=TCO  \\$aCLA$bCLA$c008
=TOC  \\$aETOC
=UNO  \\$aY
=ACF  \\$aPrevious Copyright Fee: GBP17.00$c35\0$e01-apr-2005$fGBP17.00$g0$hP$5Uk
=ACF  \\$aPrevious copyright fee: GBP22.00$c35\0$e01-jan-2011$fGBP22.00$g0$hP$5Uk
=ACF  \\$aPrevious copyright fee: GBP24.00$c35\0$e01-mar-2015$fGBP24.00$g0$hP$5Uk
=LAS  \\$aIPL-CLA$b00$c20191231$lBLL01$h1936

