=LDR  03634cas a2200925 a 4500
=001  013339172
=003  Uk
=005  20210217143642.0
=006  m\\\\\\\\d\\\\\\\\
=007  cr\cnu\\\\\\\\
=008  050118c19719999enkbr1pss\\\\\0\\\a0eng\c
=FMT  \\$a  SE
=010  \\$a2005212041
=015  \\$aGBA599872$2bnb
=022  \\$a1554-2769$y0003-8504
=037  \\$aISSN_00038504$bPortico$nWiley
=040  \\$aNSD$cNSD$dOCLCQ
=042  \\$ansdp$aukblsr
=050  10$aISSN RECORD
=082  10$a729$222
=130  0\$aArchitectural design (Online)
=222  \0$aArchitectural design$b(London, England. 1971. Online)
=245  10$aArchitectural design$h[electronic resource].
=260  \\$aChichester, U.K. :$bJohn Wiley & Sons
=310  \\$aBimonthly
=336  \\$atext$2rdacontent
=337  \\$acomputer$2rdamedia
=338  \\$aonline resource$2rdacarrier
=362  1\$aPrint began in 1971.
=500  \\$aDescription based on: Vol. 75, issue 1 (Jan./Feb. 2005); title from HMTL journal home page (viewed May 4, 2005).
=530  \\$aAlso issued in print.
=538  \\$aMode of access: World Wide Web.
=540  \\$aCurrent Copyright Fee: GBP32.00$c35\0$5Uk
=776  1\$tArchitectural design$x0003-8504
=859  \\$aELD$bejournal
=856  \\$31850-9999$uhttp://onlinelibrary.wiley.com/$xBLDSS
=852  41$aBritish Library$bHMNTS$jELD Digital store$3Volume 83:Number 1(2013:Jan./Feb.)-***Previous issues available in print copy
=852  41$aBritish Library$bDSC$j1600.000000$3Volume 75:Issue 6(2005)-Volume 84:Issue 6(2014)***See ESTAR for full holdings.
=945  \\$aArchitectural design
=959  \\$fHeld but not currently received
=CAT  \\$a3072$b40$c20051116$lBLL01$h1641
=CAT  \\$a3072$b40$c20051116$lBLL01$h1706
=CAT  \\$a3072$b40$c20051123$lBLL01$h1019
=CAT  \\$a8464$b40$c20051214$lBLL01$h1404
=CAT  \\$aBATCH-UPD$b40$c20060901$lBLL01$h0959
=CAT  \\$aBATCH-UPD$b40$c20060901$lBLL01$h1030
=CAT  \\$aBATCH-UPD$b40$c20101116$lBLL01$h1334
=CAT  \\$aIPL-CLA$c20101231$lBLL01$h1516
=CAT  \\$aWR13.114$c20130717$lBLL01$h1313
=CAT  \\$aBATCH-PORT$c20130829$lBLL01$h1113
=CAT  \\$aWR14_009$c20140204$lBLL01$h2341
=CAT  \\$aBLDSS-3PM$b00$c20141214$lBLL01$h1522
=CAT  \\$aBATCH-UPD$b00$c20150215$lBLL01$h1656
=CAT  \\$aIPL-CLA$c20150228$lBLL01$h2049
=CAT  \\$aCDS15-UPD$b40$c20150918$lBLL01$h1639
=CAT  \\$aBATCH-UPD$b40$c20160518$lBLL01$h1828
=CAT  \\$aW1711-1005$c20171206$lBLL01$h1817
=CAT  \\$aBATCH-UPD$b00$c20180219$lBLL01$h1747
=CAT  \\$aBATCH-UPD$b00$c20181121$lBLL01$h1622
=CAT  \\$aIPL-CLA$c20181231$lBLL01$h1543
=CAT  \\$a5410$b40$c20191008$lBLL01$h1338
=CAT  \\$aR1911-0245$c20191127$lBLL01$h0823
=CAT  \\$aR1911-0245$c20191127$lBLL01$h1045
=CAT  \\$aIPL-CLA$c20191231$lBLL01$h1936
=CAT  \\$a12654$b40$c20210122$lBLL01$h1459
=CAT  \\$a5410$b40$c20210217$lBLL01$h1436
=CFI  0\$aCurrent Copyright Fee: GBP32.00$c35\0$e01-jan-2020$fGBP32.00$g0$hP$5Uk
=CFI  2\$aPrevious copyright fee: GBP28.00$c35\0$e01-jan-2019$fGBP28.00$g0$hP$5Uk
=EST  \\$a1
=FFP  \\$aY$bBLDSS-3PM
=FIN  \\$aY$d20051116
=MNI  \\$a0003-8504
=SID  \\$aZ39$bOCLC
=TCO  \\$aCLA$bCLA$c008
=TOC  \\$aETOC
=UNO  \\$aY
=ACF  \\$aPrevious Copyright Fee: GBP17.00$c35\0$e01-apr-2005$fGBP17.00$g0$hP$5Uk
=ACF  \\$aPrevious copyright fee: GBP22.00$c35\0$e01-jan-2011$fGBP22.00$g0$hP$5Uk
=ACF  \\$aPrevious copyright fee: GBP24.00$c35\0$e01-mar-2015$fGBP24.00$g0$hP$5Uk
=LAS  \\$a5410$b40$c20210217$lBLL01$h1436

