=LDR  04346cas a2201069 a 4500
=001  013339190
=003  Uk
=005  20231016111158.0
=006  m\\\\\o\\d\\\\\\\\
=007  cr\cnu||||||||
=008  991123c19839999nyuqr1pso\g\\\0\\\a0eng\d
=FMT  \\$a  SE
=010  \\$a2001212353
=015  \\$aGBB350944$2bnb
=022  \\$a1099-0798$y0735-3936
=037  \\$aISSN_07353936$bPortico$nWiley
=040  \\$aEXW$cEXW$dOCL$dNSD$dOCLCQ$dMYG$dWAU$dOCLCQ$dMUQ$dUk
=042  \\$ansdp
=043  \\$an-us---
=050  14$aK2
=082  04$a347.3044405$220
=130  0\$aBehavioral sciences & the law (Online)
=210  0\$aBehav. sci. law$b(Online)
=222  \0$aBehavioral sciences & the law$b(Online)
=245  10$aBehavioral sciences & the law$h[electronic resource].
=246  3\$aBehavioral sciences and the law
=260  \\$a[New York, N.Y.] :$bJohn Wiley & Sons
=310  \\$aBimonthly,$b2000-
=321  \\$aQuarterly,$b<1996>-1999
=336  \\$atext$2rdacontent
=337  \\$acomputer$2rdamedia
=338  \\$aonline resource$2rdacarrier
=362  1\$aPrint began with vol. 1, no. 1, published in 1983.
=500  \\$aDescription based on: Vol. 14, issue 1 (winter 1996); title from title information screen (viewed Nov. 23, 1999).
=500  \\$aLatest issue consulted: Vol. 20, issue 6 (Nov./Dec. 2002).
=515  \\$aHas occasional combined issue.
=515  \\$aVol. 17 (1999) has five issues.
=530  \\$aAlso issued in print.
=538  \\$aMode of access: World Wide Web.
=540  \\$aCurrent Copyright Fee: GBP32.00$c35\0$5Uk
=650  \0$aMental health laws$zUnited States$vPeriodicals.
=650  \0$aPsychology, Forensic$vPeriodicals.
=776  1\$tBehavioral sciences & the law$x0735-3936
=859  \\$aELD$bejournal
=856  \\$31850-9999$uhttp://onlinelibrary.wiley.com/$xBLDSS
=852  41$aBritish Library$bHMNTS$jELD Digital store$3Volume 31:Number 1(2013:Jan./Feb.)-***Previous issues available in print copy
=852  41$aBritish Library$bDSC$j1877.905000$3Volume 3:Issue 1(1985)-Volume 36:Issue 1(2018)***See ESTAR for full holdings.
=945  \\$aBEHAVIORAL SCIENCES AND THE LAW
=959  \\$fHeld but not currently received
=979  \\$aBritish Library$bDSC$j1877.905000
=CAT  \\$a3072$b40$c20051116$lBLL01$h1719
=CAT  \\$a3072$b40$c20051116$lBLL01$h1727
=CAT  \\$a3072$b40$c20051116$lBLL01$h1732
=CAT  \\$a11279$b40$c20060104$lBLL01$h1222
=CAT  \\$aBATCH-UPD$b40$c20060901$lBLL01$h0959
=CAT  \\$aBATCH-UPD$b40$c20060901$lBLL01$h1030
=CAT  \\$aBATCH-UPD$b40$c20101116$lBLL01$h1334
=CAT  \\$aIPL-CLA$c20101231$lBLL01$h1516
=CAT  \\$aWR12_168$c20121206$lBLL01$h1816
=CAT  \\$a8456$b40$c20130524$lBLL01$h1245
=CAT  \\$aWR13.114$c20130717$lBLL01$h1313
=CAT  \\$aBATCH-PORT$c20130829$lBLL01$h1113
=CAT  \\$aWR14_009$c20140204$lBLL01$h2341
=CAT  \\$aBLDSS-3PM$b00$c20141214$lBLL01$h1522
=CAT  \\$aBATCH-UPD$b00$c20150215$lBLL01$h1656
=CAT  \\$aIPL-CLA$c20150228$lBLL01$h2049
=CAT  \\$aBATCH-UPD$b00$c20160608$lBLL01$h0953
=CAT  \\$aW1711-1005$c20171206$lBLL01$h1817
=CAT  \\$aBATCH-UPD$b00$c20180219$lBLL01$h1747
=CAT  \\$aW1805-0471$c20180520$lBLL01$h1139
=CAT  \\$aBATCH-UPD$b00$c20181121$lBLL01$h1622
=CAT  \\$aIPL-CLA$c20181231$lBLL01$h1543
=CAT  \\$aR1911-0245$c20191127$lBLL01$h0823
=CAT  \\$aR1911-0245$c20191127$lBLL01$h1045
=CAT  \\$aIPL-CLA$c20191231$lBLL01$h1936
=CAT  \\$a5410$b40$c20221211$lBLL01$h1333
=CAT  \\$a12654$b40$c20231016$lBLL01$h1111
=CFI  0\$aCurrent Copyright Fee: GBP32.00$c35\0$e01-jan-2020$fGBP32.00$g0$hP$5Uk
=CFI  1\$aCurrent Copyright Fee: GBP39.00$c35\0$e01-jan-2024$fGBP39.00$g0$hP$5Uk
=CFI  2\$aPrevious copyright fee: GBP28.00$c35\0$e01-jan-2019$fGBP28.00$g0$hP$5Uk
=EST  \\$a1
=FFP  \\$aY$bBLDSS-3PM
=FIN  \\$aY$d20051116
=MNI  \\$a0735-3936
=SID  \\$aZ39$bOCLC
=TCO  \\$aTRS$bCCC$c008
=TOC  \\$aETOC
=UNO  \\$aY
=ACF  \\$aPrevious Copyright Fee: GBP17.00$c35\0$e01-apr-2005$fGBP17.00$g0$hP$5Uk
=ACF  \\$aPrevious copyright fee: GBP22.00$c35\0$e01-jan-2011$fGBP22.00$g0$hP$5Uk
=ACF  \\$aPrevious copyright fee: GBP24.00$c35\0$e01-mar-2015$fGBP24.00$g0$hP$5Uk
=LAS  \\$a12654$b40$c20231016$lBLL01$h1111

