=LDR  04222cas a2201057 a 4500
=001  013339369
=003  Uk
=005  20221016110537.0
=006  m\\\\\o\\d\\\\\\\\
=007  cr\mnu||||||||
=008  000503c19869999nyubx1pso\\\\\0\\\a0eng\d
=FMT  \\$a  SE
=010  \\$a2001212352
=015  \\$aGBB350939$2bnb
=022  0\$a1099-0801$y0269-3879
=037  \\$aISSN_02693879$bPortico$nWiley
=040  \\$aOH1$cOH1$dNSD$dEYM$dOCLCQ$dOCL$dUk
=042  \\$ansdp$aukblsr
=050  14$aQP519.9.C47$bB56
=082  00$a543.089$222
=130  0\$aBiomedical chromatography (Online)
=210  0\$aBiomed. chromatogr.$b(Online)
=222  \0$aBiomedical chromatography$b(Online)
=245  10$aBiomedical chromatography$h[electronic resource].
=260  \\$aNew York ;$a[Chichester, West Sussex] :$bJ. Wiley
=310  \\$a8 no. a year,$b1999-
=321  \\$aBimonthly,$b<1997>-1998
=336  \\$atext$2rdacontent
=337  \\$acomputer$2rdamedia
=338  \\$aonline resource$2rdacarrier
=362  1\$aPrint began with vol. 1, no. 1 (Feb. 1986).
=500  \\$aDescription based on: Vol. 11, issue 1 (Jan. 1997); title from general information screen (viewed May 3, 2000).
=500  \\$aLatest issue consulted: Vol. 15, issue 4 (June 2001).
=530  \\$aAlso issued in print.
=538  \\$aMode of access: World Wide Web.
=540  \\$aCurrent Copyright Fee: GBP39.00$c35\0$5Uk
=650  \0$aChromatographic analysis$vPeriodicals.
=650  \0$aBiology$vPeriodicals.
=650  \0$aMedicine$vPeriodicals.
=650  \2$aBiology$vPeriodicals.
=650  \2$aChromatography$xmethods$vPeriodicals.
=650  \2$aMedicine$vPeriodicals.
=776  1\$tBiomedical chromatography$x0269-3879
=859  \\$aELD$bejournal
=856  \\$31850-9999$uhttp://onlinelibrary.wiley.com/$xBLDSS
=852  41$aBritish Library$bDSC$j2087.758000$3Volume 20:Issue 1(2006)-Volume 28:Issue 12(2014)***See ESTAR for full holdings.
=852  41$aBritish Library$bSTI$jELD Digital store$3Volume 27:Number 1(2013:Jan.)-***Previous issues available in print copy
=945  \\$aBIOMEDICAL CHROMATOGRAPHY
=959  \\$fHeld but not currently received
=979  \\$aBritish Library$bDSC$j2087.758000
=985  \\$aCONFERENCE ANALYTIC RECORDS EXIST
=CAT  \\$a3072$b40$c20051117$lBLL01$h1115
=CAT  \\$aBATCH-UPD$b40$c20060901$lBLL01$h0959
=CAT  \\$aBATCH-UPD$b40$c20060901$lBLL01$h1030
=CAT  \\$aBATCH-UPD$b40$c20101116$lBLL01$h1334
=CAT  \\$aIPL-CLA$c20101231$lBLL01$h1516
=CAT  \\$aWR12_168$c20121206$lBLL01$h1816
=CAT  \\$a8456$b40$c20130524$lBLL01$h1225
=CAT  \\$a8456$b40$c20130524$lBLL01$h1226
=CAT  \\$aWR13.114$c20130717$lBLL01$h1313
=CAT  \\$aBATCH-PORT$c20130829$lBLL01$h1113
=CAT  \\$a10934$b40$c20131031$lBLL01$h1343
=CAT  \\$aWR14_009$c20140204$lBLL01$h2343
=CAT  \\$aBLDSS-3PM$b00$c20141214$lBLL01$h1522
=CAT  \\$aBATCH-UPD$b00$c20150215$lBLL01$h1656
=CAT  \\$aIPL-CLA$c20150228$lBLL01$h2049
=CAT  \\$aCDS15-UPD$b40$c20150918$lBLL01$h1639
=CAT  \\$aBATCH-UPD$b40$c20160518$lBLL01$h1904
=CAT  \\$aW1711-1005$c20171206$lBLL01$h1817
=CAT  \\$aBATCH-UPD$b00$c20180219$lBLL01$h1747
=CAT  \\$aBATCH-UPD$b00$c20181121$lBLL01$h1622
=CAT  \\$aIPL-CLA$c20181231$lBLL01$h1543
=CAT  \\$a5410$b40$c20191015$lBLL01$h1350
=CAT  \\$aR1911-0245$c20191127$lBLL01$h0944
=CAT  \\$aR1911-0245$c20191127$lBLL01$h1045
=CAT  \\$aIPL-CLA$c20191231$lBLL01$h1936
=CAT  \\$a5410$b40$c20221016$lBLL01$h1105
=CFI  0\$aCurrent Copyright Fee: GBP39.00$c35\0$e01-jan-2020$fGBP39.00$g0$hP$5Uk
=CFI  2\$aPrevious copyright fee: GBP28.00$c35\0$e01-jan-2019$fGBP28.00$g0$hP$5Uk
=EST  \\$a1
=FFP  \\$aY$bBLDSS-3PM
=FIN  \\$aY$d20051117
=MNI  \\$a0269-3879
=SID  \\$aZ39$bOCLC
=TCO  \\$aTRS$bCCC$c008
=TOC  \\$aETOC
=UNO  \\$aY
=ACF  \\$aPrevious Copyright Fee: GBP17.00$c35\0$e01-apr-2005$fGBP17.00$g0$hP$5Uk
=ACF  \\$aPrevious copyright fee: GBP22.00$c35\0$e01-jan-2011$fGBP22.00$g0$hP$5Uk
=ACF  \\$aPrevious copyright fee: GBP24.00$c35\0$e01-mar-2015$fGBP24.00$g0$hP$5Uk
=LAS  \\$a5410$b40$c20221016$lBLL01$h1105

