=LDR  04145cas a2201021 a 4500
=001  013339409
=003  Uk
=005  20221016110617.0
=006  m\\\\\o\\d\\\\\\\\
=007  cr\mnu||||||||
=008  000503c19799999nyumx1pso\\\\\0\\\a0eng\d
=FMT  \\$a  SE
=010  \\$a2001212351
=015  \\$aGBB350940$2bnb
=022  0\$a1099-081X$y0142-2782
=037  \\$aISSN_01422782$bPortico$nWiley
=040  \\$aOH1$cOH1$dNSD$dOCLCQ$dMYG$dOCLCQ$dMUQ$dOCL$dUk
=042  \\$ansdp$aukblsr
=082  04$a615.19$222
=130  0\$aBiopharmaceutics & drug disposition (Online)
=210  0\$aBiopharm. drug dispos.$b(Online)
=222  \0$aBiopharmaceutics & drug disposition$b(Online)
=245  10$aBiopharmaceutics & drug disposition$h[electronic resource].
=246  3\$aBiopharmaceutics and drug disposition
=260  \\$aNew York ;$a|a [Chichester, England] :$bJ. Wiley
=310  \\$aNine no. a year
=336  \\$atext$2rdacontent
=337  \\$acomputer$2rdamedia
=338  \\$aonline resource$2rdacarrier
=362  1\$aPrint began in 1979.
=500  \\$aDescription based on: Vol. 18, issue 1 (Jan. 1997); title from general information screen (viewed May 3, 2000).
=530  \\$aAlso issued in print.
=538  \\$aMode of access: World Wide Web.
=540  \\$aCurrent Copyright Fee: GBP39.00$c35\0$5Uk
=650  \0$aBiopharmaceutics$vPeriodicals.
=650  \0$aDrugs$xMetabolism$vPeriodicals.
=650  \0$aPharmacology$vPeriodicals.
=650  \2$aBiopharmaceutics$vPeriodicals.
=650  \2$aPharmaceutical Preparations$xmetabolism$vPeriodicals.
=776  1\$tBiopharmaceutics & drug disposition$x0142-2782
=859  \\$aELD$bejournal
=856  \\$31850-9999$uhttp://onlinelibrary.wiley.com/$xBLDSS
=852  41$aBritish Library$bSTI$jELD Digital store$3Volume 34:Number 1(2013:Jan.)-***Previous issues available in print copy
=852  41$aBritish Library$bDSC$j2089.355000$3Volume 27:Issue 1(2006)-Volume 35:Issue 9(2014)***See ESTAR for full holdings.
=945  \\$aBIOPHARMACEUTICS AND DRUG DISPOSITION
=959  \\$fHeld but not currently received
=979  \\$aBritish Library$bDSC$j2089.355000
=CAT  \\$a3072$b40$c20051117$lBLL01$h1134
=CAT  \\$a3072$b40$c20051117$lBLL01$h1140
=CAT  \\$aBATCH-UPD$b40$c20060901$lBLL01$h0959
=CAT  \\$aBATCH-UPD$b40$c20060901$lBLL01$h1030
=CAT  \\$aBATCH-UPD$b40$c20101116$lBLL01$h1334
=CAT  \\$aIPL-CLA$c20101231$lBLL01$h1516
=CAT  \\$aWR12_168$c20121206$lBLL01$h1816
=CAT  \\$a8456$b40$c20130524$lBLL01$h1228
=CAT  \\$aBATCH-CLA$b00$c20130526$lBLL01$h1652
=CAT  \\$aWR13.114$c20130717$lBLL01$h1313
=CAT  \\$aBATCH-PORT$c20130829$lBLL01$h1113
=CAT  \\$aWR14_009$c20140204$lBLL01$h2343
=CAT  \\$aBLDSS-3PM$b00$c20141214$lBLL01$h1522
=CAT  \\$aBATCH-UPD$b00$c20150215$lBLL01$h1656
=CAT  \\$aIPL-CLA$c20150228$lBLL01$h2049
=CAT  \\$aCDS15-UPD$b40$c20150918$lBLL01$h1639
=CAT  \\$aBATCH-UPD$b40$c20160518$lBLL01$h1900
=CAT  \\$aW1711-1005$c20171206$lBLL01$h1817
=CAT  \\$aBATCH-UPD$b00$c20180219$lBLL01$h1747
=CAT  \\$aBATCH-UPD$b00$c20181121$lBLL01$h1622
=CAT  \\$aIPL-CLA$c20181231$lBLL01$h1543
=CAT  \\$a5410$b40$c20191015$lBLL01$h1354
=CAT  \\$aR1911-0245$c20191127$lBLL01$h0945
=CAT  \\$aR1911-0245$c20191127$lBLL01$h1045
=CAT  \\$aIPL-CLA$c20191231$lBLL01$h1936
=CAT  \\$a5410$b40$c20221016$lBLL01$h1106
=CFI  0\$aCurrent Copyright Fee: GBP39.00$c35\0$e01-jan-2020$fGBP39.00$g0$hP$5Uk
=CFI  2\$aPrevious copyright fee: GBP28.00$c35\0$e01-jan-2019$fGBP28.00$g0$hP$5Uk
=EST  \\$a1
=FFP  \\$aY$bBLDSS-3PM
=FIN  \\$aY$d20051117
=MNI  \\$a0142-2782
=SID  \\$aZ39$bOCLC
=TCO  \\$aTRS$bCCC$c008
=TCO  \\$aCLA$bCLA$c008
=TOC  \\$aETOC
=UNO  \\$aY
=ACF  \\$aPrevious Copyright Fee: GBP17.00$c35\0$e01-apr-2005$fGBP17.00$g0$hP$5Uk
=ACF  \\$aPrevious copyright fee: GBP22.00$c35\0$e01-jan-2011$fGBP22.00$g0$hP$5Uk
=ACF  \\$aPrevious copyright fee: GBP24.00$c35\0$e01-mar-2015$fGBP24.00$g0$hP$5Uk
=LAS  \\$a5410$b40$c20221016$lBLL01$h1106

