=LDR  04129cas a2200997 a 4500
=001  013339728
=003  Uk
=005  20231016113137.0
=006  m\\\\\\\\d\\\\\\\\
=007  cr\mnu||||||||
=008  000503c19929999nyuuu1pss\\\\\0\\\a0eng\d
=FMT  \\$a  SE
=010  \\$a2001212348
=015  \\$aGBB349489$2bnb
=022  0\$a1099-0836$y0964-4733
=037  \\$aISSN_09644733$bPortico$nWiley
=040  \\$aOH1$cOH1$dNSD$dTJC$dOCLCQ$dFUG$dOCLCQ$dOCL$dUk
=042  \\$ansdp$aukblsr
=050  \4$aGE300$b.B87
=082  00$a658.4083$222
=130  0\$aBusiness strategy and the environment (Online)
=210  0\$aBus. strat. environ.$b(Online)
=222  \0$aBusiness strategy and the environment$b(Online)
=245  10$aBusiness strategy and the environment$h[electronic resource].
=260  \\$aNew York :$bJ. Wiley
=336  \\$atext$2rdacontent
=337  \\$acomputer$2rdamedia
=338  \\$aonline resource$2rdacarrier
=362  1\$aPrint began with vol. 1, pt. 1 (spring 1992).
=500  \\$aDescription based on: Vol. 6, issue 1 (Feb. 1997); title from general information screen (viewed May 3, 2000).
=530  \\$aAlso issued in print.
=538  \\$aMode of access: World Wide Web.
=540  \\$aCurrent Copyright Fee: GBP39.00$c35\0$5Uk
=650  \0$aIndustrial management$xEnvironmental aspects$vPeriodicals.
=650  \0$aIndustries$xEnvironmental aspects$vPeriodicals.
=690  7\$aManagement and Business Studies$2blcoll
=776  1\$tBusiness strategy and the environment$x0964-4733
=859  \\$aELD$bejournal
=856  \\$31850-9999$uhttp://onlinelibrary.wiley.com/$xBLDSS
=852  41$aBritish Library$bDSC$j2934.801000$3Volume 15:Issue 1(2006)-Volume 23:Issue 8(2014)***See ESTAR for full holdings.
=852  41$aBritish Library$bSTI$jELD Digital store$3Volume 22:Number 1(2013)-***Previous issues available in print copy
=945  \\$aBUSINESS STRATEGY AND THE ENVIRONMENT
=959  \\$fHeld but not currently received
=979  \\$aBritish Library$bDSC$j2934.801000
=CAT  \\$a3072$b40$c20051117$lBLL01$h1457
=CAT  \\$a3072$b40$c20051117$lBLL01$h1531
=CAT  \\$aBATCH-UPD$b40$c20060901$lBLL01$h0959
=CAT  \\$aBATCH-UPD$b40$c20060901$lBLL01$h1030
=CAT  \\$aBATCH$b00$c20090624$lBLL01$h1707
=CAT  \\$aBATCH-UPD$b00$c20101116$lBLL01$h1334
=CAT  \\$aIPL-CLA$c20101231$lBLL01$h1516
=CAT  \\$aWR12_168$c20121206$lBLL01$h1816
=CAT  \\$a8201$b40$c20130521$lBLL01$h1201
=CAT  \\$aWR13.114$c20130717$lBLL01$h1313
=CAT  \\$aBATCH-PORT$c20130829$lBLL01$h1113
=CAT  \\$aWR14_009$c20140204$lBLL01$h2342
=CAT  \\$aBLDSS-3PM$b00$c20141214$lBLL01$h1522
=CAT  \\$aBATCH-UPD$b00$c20150215$lBLL01$h1656
=CAT  \\$aIPL-CLA$c20150228$lBLL01$h2049
=CAT  \\$aCDS15-UPD$b40$c20150918$lBLL01$h1639
=CAT  \\$aBATCH-UPD$b40$c20160616$lBLL01$h2018
=CAT  \\$aW1711-1005$c20171206$lBLL01$h1817
=CAT  \\$aBATCH-UPD$b00$c20180219$lBLL01$h1747
=CAT  \\$aBATCH-UPD$b00$c20181121$lBLL01$h1622
=CAT  \\$aIPL-CLA$c20181231$lBLL01$h1543
=CAT  \\$a5410$b40$c20191017$lBLL01$h1309
=CAT  \\$aR1911-0245$c20191127$lBLL01$h0944
=CAT  \\$aR1911-0245$c20191127$lBLL01$h1045
=CAT  \\$aIPL-CLA$c20191231$lBLL01$h1936
=CAT  \\$a5410$b40$c20221016$lBLL01$h1106
=CAT  \\$a12654$b40$c20231016$lBLL01$h1131
=CFI  0\$aCurrent Copyright Fee: GBP39.00$c35\0$e01-jan-2020$fGBP39.00$g0$hP$5Uk
=CFI  1\$aPending Copyright Fee: GBP46.00$c35\0$e01-jan-2024$fGBP46.00$g0$hP$5Uk
=CFI  2\$aPrevious copyright fee: GBP28.00$c35\0$e01-jan-2019$fGBP28.00$g0$hP$5Uk
=EST  \\$a1
=FFP  \\$aY$bBLDSS-3PM
=FIN  \\$aY$d20051117
=MNI  \\$a0964-4733
=SID  \\$aZ39$bOCLC
=TCO  \\$aTRS$bCCC$c008
=TOC  \\$aETOC
=UNO  \\$aY
=ACF  \\$aPrevious Copyright Fee: GBP17.00$c35\0$e01-apr-2005$fGBP17.00$g0$hP$5Uk
=ACF  \\$aPrevious copyright fee: GBP22.00$c35\0$e01-jan-2011$fGBP22.00$g0$hP$5Uk
=ACF  \\$aPrevious copyright fee: GBP24.00$c35\0$e01-mar-2015$fGBP24.00$g0$hP$5Uk
=LAS  \\$a12654$b40$c20231016$lBLL01$h1131

