=LDR  04226cas a2201045 a 4500
=001  013339808
=003  Uk
=005  20231016113358.0
=006  m\\\\\\\\d\\\\\\\\
=007  cr\mnu\\\\\\\\
=008  000503c19839999nyubx\pss\\\\\0\\\a0eng\d
=FMT  \\$a  SE
=010  \\$a2001212347
=015  \\$aGBB350545$2bnb
=022  0\$a1099-0844$y0263-6484
=037  \\$aISSN_02636484$bPortico$nWiley
=040  \\$aOH1$cOH1$dNSD$dTJC$dOCLCQ$dOCL$dUk
=042  \\$ansdp$aukblsr
=082  04$a572$222
=130  0\$aCell biochemistry and function (Online)
=210  0\$aCell biochem. funct.$b(Online)
=222  \0$aCell biochemistry and function$b(Online)
=245  10$aCell biochemistry and function$h[electronic resource].
=260  \\$aNew York :$bJ. Wiley
=310  \\$aEight issues yearly
=321  \\$aQuarterly
=336  \\$atext$2rdacontent
=337  \\$acomputer$2rdamedia
=338  \\$aonline resource$2rdacarrier
=362  1\$aPrint began with vol. 1, no. 1 (Apr. 1983).
=500  \\$aDescription based on: Vol. 15, issue 1 (Mar. 1997); title from general information screen (viewed May 3, 2000).
=530  \\$aAlso issued in print.
=538  \\$aMode of access: World Wide Web.
=540  \\$aCurrent copyright fee: GBP39.00$c35\0$5Uk
=650  \0$aCytochemistry$vPeriodicals.
=650  \0$aCell metabolism$vPeriodicals.
=650  \2$aBiochemistry$vPeriodicals.
=650  \2$aCytology$vPeriodicals.
=776  1\$tCell biochemistry and function$x0263-6484
=859  \\$aELD$bejournal
=856  \\$31850-9999$uhttp://onlinelibrary.wiley.com/$xBLDSS
=852  41$aBritish Library$bSTI$jELD Digital store$3Volume 31:Number 1(2013:Jan.)-***previous issues available in print copy only
=852  41$aBritish Library$bDSC$j3097.702000$3Volume 24:Issue 1(2006)-Volume 29:Issue 8(2011)***See ESTAR for full holdings.
=945  \\$aCell biochemistry and function
=959  \\$fHeld but not currently received
=CAT  \\$a3072$b40$c20051117$lBLL01$h1538
=CAT  \\$aBATCH-UPD$b40$c20060901$lBLL01$h0959
=CAT  \\$aBATCH-UPD$b40$c20060901$lBLL01$h1030
=CAT  \\$aBATCH-UPD$b40$c20101116$lBLL01$h1334
=CAT  \\$aIPL-CLA$c20101231$lBLL01$h1516
=CAT  \\$aCDS12-UPD$b40$c20120402$lBLL01$h1434
=CAT  \\$aWR12_168$c20121206$lBLL01$h1816
=CAT  \\$a8124$b40$c20130522$lBLL01$h1459
=CAT  \\$aBATCH-CLA$b00$c20130526$lBLL01$h1618
=CAT  \\$aWR13.114$c20130717$lBLL01$h1313
=CAT  \\$a5552$b40$c20130726$lBLL01$h1432
=CAT  \\$aBATCH-PORT$c20130829$lBLL01$h1113
=CAT  \\$aWR14_009$c20140204$lBLL01$h2343
=CAT  \\$aBLDSS-3PM$b00$c20141214$lBLL01$h1522
=CAT  \\$aBATCH-UPD$b00$c20150215$lBLL01$h1656
=CAT  \\$aIPL-CLA$c20150228$lBLL01$h2049
=CAT  \\$aBATCH-UPD$b00$c20160518$lBLL01$h1912
=CAT  \\$aW1711-1005$c20171206$lBLL01$h1817
=CAT  \\$aBATCH-UPD$b00$c20180219$lBLL01$h1747
=CAT  \\$aBATCH-UPD$b00$c20181121$lBLL01$h1622
=CAT  \\$aIPL-CLA$c20181231$lBLL01$h1543
=CAT  \\$aR1911-0245$c20191127$lBLL01$h0823
=CAT  \\$aR1911-0245$c20191127$lBLL01$h1045
=CAT  \\$aIPL-CLA$c20191231$lBLL01$h1936
=CAT  \\$aW2111-0842$c20211208$lBLL01$h1942
=CAT  \\$aIPL-CLA$c20211231$lBLL01$h1543
=CAT  \\$a12654$b40$c20231016$lBLL01$h1133
=CFI  0\$aCurrent copyright fee: GBP39.00$c35\0$e01-jan-2022$fGBP39.00$g0$hP$5Uk
=CFI  1\$aPending Copyright Fee: GBP46.00$c35\0$e01-jan-2024$fGBP46.00$g0$hP$5Uk
=CFI  2\$aPrevious Copyright Fee: GBP32.00$c35\0$e01-jan-2020$fGBP32.00$g0$hP$5Uk
=EST  \\$a1
=FFP  \\$aY$bBLDSS-3PM
=FIN  \\$aY$d20051117
=LET  \0$aCell biochemistry and function (Online)
=MNI  \\$a0263-6484
=SID  \\$aZ39$bOCLC
=TCO  \\$aTRS$bCCC$c008
=TCO  \\$aCLA$bCLA$c008
=TOC  \\$aETOC
=UNO  \\$aY
=ACF  \\$aPrevious Copyright Fee: GBP17.00$c35\0$e01-apr-2005$fGBP17.00$g0$hP$5Uk
=ACF  \\$aPrevious copyright fee: GBP22.00$c35\0$e01-jan-2011$fGBP22.00$g0$hP$5Uk
=ACF  \\$aPrevious copyright fee: GBP24.00$c35\0$e01-mar-2015$fGBP24.00$g0$hP$5Uk
=ACF  \\$aPrevious copyright fee: GBP28.00$c35\0$e01-jan-2019$fGBP28.00$g0$hP$5Uk
=LAS  \\$a12654$b40$c20231016$lBLL01$h1133

