=LDR  04508cas a2201105 a 4500
=001  013339825
=003  Uk
=005  20231016121345.0
=006  m\\\\\\\\d\\\\\\\\
=007  cr\mnu||||||||
=008  000504c19929999nyubr1pss\\\\\0\\\a0eng\d
=FMT  \\$a  SE
=010  \\$a2001212346
=015  \\$aGBB349601$2bnb
=022  0\$a1099-0852$y0952-9136
=037  \\$aISSN_09529136$bPortico$nWiley
=040  \\$aOH1$cOH1$dNSD$dEYM$dOCLCQ$dUk
=042  \\$ansdp$aukblsr
=043  \\$ae-uk---
=050  14$aHV6626.5$b.C496
=082  04$a362.76$222
=130  0\$aChild abuse review (Online)
=210  0\$aChild abuse rev.$b(Online)
=222  \0$aChild abuse review$b(Online)
=245  10$aChild abuse review$h[electronic resource].
=260  \\$aNew York :$bJ. Wiley
=310  \\$aBimonthly,$b1998-
=321  \\$aFive no. a year,$b1997
=336  \\$atext$2rdacontent
=337  \\$acomputer$2rdamedia
=338  \\$aonline resource$2rdacarrier
=362  1\$aPrint began with vol. 1, no. 1 (Apr. 1992).
=500  \\$aDescription based on: Vol. 6, issue 1 (Mar. 1997); title from general information screen (viewed May 4, 2000).
=500  \\$aLatest issue consulted: Vol. 10, issue 2 (Mar./Apr. 2001).
=530  \\$aAlso issued in print.
=538  \\$aMode of access: World Wide Web.
=550  \\$aJournal of the British Association for the Study and Prevention of Child Abuse and Neglect.
=540  \\$aCurrent Copyright Fee: GBP32.00$c35\0$5Uk
=650  \0$aChild abuse$vPeriodicals.
=650  \0$aChild abuse$zGreat Britain$vPeriodicals.
=650  \0$aAbused children$xServices for$vPeriodicals.
=650  \0$aAbused children$xServices for$zGreat Britain$vPeriodicals.
=690  7\$aSocial Welfare$2blcoll
=710  2\$aBritish Association for the Study and Prevention of Child Abuse and Neglect.
=776  1\$tChild abuse review$x0952-9136
=859  \\$aELD$bejournal
=856  \\$31850-9999$uhttp://onlinelibrary.wiley.com/$xBLDSS
=852  41$aBritish Library$bHMNTS$jELD Digital store$3Volume 22:Number 1(2013:Jan./Feb.)-***Previous issues available in print copy
=852  41$aBritish Library$bDSC$j3172.912700$3Volume 15:Issue 1(2006)-Volume 27:Issue 1(2018)***See ESTAR for full holdings.
=945  \\$aCHILD ABUSE REVIEW
=959  \\$fHeld but not currently received
=979  \\$aBritish Library$bDSC$j3172.912700
=CAT  \\$a3072$b40$c20051117$lBLL01$h1552
=CAT  \\$a3072$b40$c20051117$lBLL01$h1611
=CAT  \\$aBATCH-UPD$b40$c20060901$lBLL01$h0959
=CAT  \\$aBATCH-UPD$b40$c20060901$lBLL01$h1030
=CAT  \\$aBATCH-UPD$b40$c20101116$lBLL01$h1334
=CAT  \\$aIPL-CLA$c20101231$lBLL01$h1516
=CAT  \\$aWR12_168$c20121206$lBLL01$h1816
=CAT  \\$a8201$b40$c20130521$lBLL01$h1648
=CAT  \\$aBATCH-CLA$b00$c20130526$lBLL01$h1659
=CAT  \\$aBATCH-SWP$c20130531$lBLL01$h2318
=CAT  \\$aWR13.114$c20130717$lBLL01$h1313
=CAT  \\$aBATCH-PORT$c20130829$lBLL01$h1113
=CAT  \\$aWR14_009$c20140204$lBLL01$h2342
=CAT  \\$aBLDSS-3PM$b00$c20141214$lBLL01$h1522
=CAT  \\$aBATCH-UPD$b00$c20150215$lBLL01$h1656
=CAT  \\$aIPL-CLA$c20150228$lBLL01$h2049
=CAT  \\$aBATCH-UPD$b00$c20160530$lBLL01$h0002
=CAT  \\$aW1711-1005$c20171206$lBLL01$h1817
=CAT  \\$aBATCH-UPD$b00$c20180219$lBLL01$h1747
=CAT  \\$aW1805-0471$c20180520$lBLL01$h1139
=CAT  \\$aBATCH-UPD$b00$c20181121$lBLL01$h1622
=CAT  \\$aIPL-CLA$c20181231$lBLL01$h1543
=CAT  \\$aR1911-0245$c20191127$lBLL01$h0823
=CAT  \\$aR1911-0245$c20191127$lBLL01$h1045
=CAT  \\$aIPL-CLA$c20191231$lBLL01$h1936
=CAT  \\$a5410$b40$c20221211$lBLL01$h1336
=CAT  \\$a12654$b40$c20231016$lBLL01$h1213
=CFI  0\$aCurrent Copyright Fee: GBP32.00$c35\0$e01-jan-2020$fGBP32.00$g0$hP$5Uk
=CFI  1\$aPending Copyright Fee: GBP39.00$c35\0$e01-jan-2023$fGBP39.00$g0$hP$5Uk
=CFI  2\$aPrevious copyright fee: GBP28.00$c35\0$e01-jan-2019$fGBP28.00$g0$hP$5Uk
=EST  \\$a1
=FFP  \\$aY$bBLDSS-3PM
=FIN  \\$aY$d20130521
=MNI  \\$a0952-9136
=SID  \\$aZ39$bOCLC
=TCO  \\$aTRS$bCCC$c008
=TCO  \\$aCLA$bCLA$c008
=TOC  \\$aETOC
=UNO  \\$aY
=ACF  \\$aPrevious Copyright Fee: GBP17.00$c35\0$e01-apr-2005$fGBP17.00$g0$hP$5Uk
=ACF  \\$aPrevious copyright fee: GBP22.00$c35\0$e01-jan-2011$fGBP22.00$g0$hP$5Uk
=ACF  \\$aPrevious copyright fee: GBP24.00$c35\0$e01-mar-2015$fGBP24.00$g0$hP$5Uk
=LAS  \\$a12654$b40$c20231016$lBLL01$h1213

