=LDR  04190cas a2201021 a 4500
=001  013339914
=003  Uk
=005  20221212111516.0
=006  m\\\\\o\\d\\\\\\\\
=007  cr\mn|||||||||
=008  000505c19939999nyubx1pso\\\\\0\\\a0eng\d
=FMT  \\$a  SE
=010  \\$a2001212344
=015  \\$aGBB352432$2bnb
=022  0\$a1099-0879$l1063-3995$y1063-3995$21
=037  \\$aISSN_10633995$bPortico$nWiley
=040  \\$aOH1$cOH1$dNSD$dEYM$dOCLCQ$dUk
=042  \\$ansdp$aukblsr
=050  14$aRC467$b.C55
=082  14$a616.89$222
=130  0\$aClinical psychology & psychotherapy (Online)
=210  0\$aClin. psychol. psychother.$b(Online)
=222  \0$aClinical psychology & psychotherapy$b(Online)
=245  10$aClinical psychology & psychotherapy$h[electronic resource].
=246  3\$aClinical psychology and psychotherapy
=260  \\$aNew York :$bJ. Wiley
=310  \\$a5 no. a year,$b1999-
=321  \\$aQuarterly,$b<1997>-1998
=336  \\$atext$2rdacontent
=337  \\$acomputer$2rdamedia
=338  \\$aonline resource$2rdacarrier
=362  1\$aPrint began with vol. 1, no. 1 (Nov. 1993).
=500  \\$aDescription based on: Vol. 4, issue 1 (Mar. 1997); title from general information screen (viewed May 5, 2000).
=530  \\$aAlso issued in print as: Clinical psychology and psychotherapy.
=538  \\$aMode of access: World Wide Web.
=540  \\$aCurrent Copyright Fee: GBP39.00$c35\0$5Uk
=650  \0$aClinical psychology$vPeriodicals.
=650  \0$aPsychotherapy$vPeriodicals.
=776  1\$tClinical psychology and psychotherapy$x1063-3995
=859  \\$aELD$bejournal
=856  \\$31850-9999$uhttp://onlinelibrary.wiley.com/$xBLDSS
=852  41$aBritish Library$bHMNTS$jELD Digital store$3Volume 20:Number 1(2013:Jan./Feb.)-***Previous issues available in print copy
=852  41$aBritish Library$bDSC$j3286.343500$3Volume 13:Issue 1(2006)-Volume 25:Issue 1(2018)***See ESTAR for full holdings.
=945  \\$aCLINICAL PSYCHOLOGY AND PSYCHOTHERAPY
=959  \\$fHeld but not currently received
=979  \\$aBritish Library$bDSC$j3286.343500
=CAT  \\$a3072$b40$c20051117$lBLL01$h1643
=CAT  \\$aBATCH-UPD$b40$c20060901$lBLL01$h0959
=CAT  \\$aBATCH-UPD$b40$c20060901$lBLL01$h1030
=CAT  \\$aBATCH-UPD$b40$c20101116$lBLL01$h1334
=CAT  \\$aIPL-CLA$c20101231$lBLL01$h1516
=CAT  \\$aBATCH-CLA$b00$c20121109$lBLL01$h1728
=CAT  \\$aWR12_168$c20121206$lBLL01$h1816
=CAT  \\$aBATCH-CLA$b00$c20130526$lBLL01$h1657
=CAT  \\$a8874$b40$c20130529$lBLL01$h0910
=CAT  \\$a8874$b40$c20130529$lBLL01$h0911
=CAT  \\$aWR13.114$c20130717$lBLL01$h1313
=CAT  \\$aBATCH-PORT$c20130829$lBLL01$h1113
=CAT  \\$aWR14_009$c20140204$lBLL01$h2343
=CAT  \\$aBLDSS-3PM$b00$c20141214$lBLL01$h1522
=CAT  \\$aBATCH-UPD$b00$c20150215$lBLL01$h1656
=CAT  \\$aIPL-CLA$c20150228$lBLL01$h2049
=CAT  \\$aBATCH-UPD$b00$c20160530$lBLL01$h0002
=CAT  \\$aW1711-1005$c20171206$lBLL01$h1817
=CAT  \\$aBATCH-UPD$b00$c20180219$lBLL01$h1747
=CAT  \\$aW1805-0471$c20180520$lBLL01$h1139
=CAT  \\$aBATCH-UPD$b00$c20181121$lBLL01$h1622
=CAT  \\$aIPL-CLA$c20181231$lBLL01$h1543
=CAT  \\$aR1911-0245$c20191127$lBLL01$h0944
=CAT  \\$aR1911-0245$c20191127$lBLL01$h1045
=CAT  \\$aIPL-CLA$c20191231$lBLL01$h1936
=CAT  \\$a5410$b40$c20221212$lBLL01$h1115
=CFI  0\$aCurrent Copyright Fee: GBP39.00$c35\0$e01-jan-2020$fGBP39.00$g0$hP$5Uk
=CFI  2\$aPrevious copyright fee: GBP28.00$c35\0$e01-jan-2019$fGBP28.00$g0$hP$5Uk
=EST  \\$a1
=FFP  \\$aY$bBLDSS-3PM
=FIN  \\$aY$d20051117
=MNI  \\$a1063-3995
=SID  \\$aZ39$bOCLC
=TCO  \\$aTRS$bCCC$c008
=TCO  \\$aCLA$bCLA$c008
=TOC  \\$aETOC
=UNO  \\$aY
=ACF  \\$aPrevious Copyright Fee: GBP20.00$c0$e01-jan-2005$fGBP20.00$g0$hC$5Uk
=ACF  \\$aPrevious Copyright Fee: GBP17.00$c35\0$e01-apr-2005$fGBP17.00$g0$hP$5Uk
=ACF  \\$aPrevious copyright fee: GBP22.00$c35\0$e01-jan-2011$fGBP22.00$g0$hP$5Uk
=ACF  \\$aPrevious copyright fee: GBP24.00$c35\0$e01-mar-2015$fGBP24.00$g0$hP$5Uk
=LAS  \\$a5410$b40$c20221212$lBLL01$h1115

