=LDR  04338cas a2201045 a 4500
=001  013340085
=003  Uk
=005  20211231154316.0
=006  m\\\\\\\\d\\\\\\\\
=007  cr\cn\\\\\\\\\
=008  001017c20009999enkmx1pss\\\\\0\\\a0eng\d
=FMT  \\$a  SE
=010  \\$a00215770
=015  \\$aGBA599881$2bnb
=022  0\$a1532-0634$y1532-0626
=037  \\$bJohn Wiley & Sons, 1 Oldlands Way, bognor Regis, West Sussex, PO22 9SA, UK
=037  \\$aISSN_15320626$bPortico$nWiley
=040  \\$aNSD$cNSD$dEYM$dOCLCQ$dNSD$dOCLCQ$dUk
=042  \\$aukblsr$ansdp
=050  10$aISSN RECORD
=050  14$aQA76.58$b.C66
=082  04$a004.35$222
=130  0\$aConcurrency and computation (Online)
=210  0\$aConcurr. comput.$b(Online)
=222  \0$aConcurrency and computation$b(Online)
=245  10$aConcurrency and computation$h[electronic resource] :$bpractice and experience.
=260  \\$aChichester, UK :$bJohn Wiley & Sons,$cc2001-
=310  \\$aFifteen no. a year
=336  \\$atext$2rdacontent
=337  \\$acomputer$2rdamedia
=338  \\$aonline resource$2rdacarrier
=362  0\$aVol. 13, issue 1 (Jan. 2001)-
=595  \\$aFORMERLY 3405.62 UP TO VOL. 12, 2000 SEE ALSO 3405.62 FOR CUL HOLDINGS.
=500  \\$aTitle from cover GIF (viewed Apr. 8, 2003).
=500  \\$aLatest issue consulted: Vol. 15, issue 3-5 (Mar./Apr. 2003) (viewed Apr. 08, 2003).
=530  \\$aAlso issued in print.
=538  \\$aMode of access: World Wide Web.
=540  \\$aCurrent copyright fee: GBP46.00$c35\0$5Uk
=650  \0$aParallel processing (Electronic computers)$vPeriodicals.
=650  \0$aParallel computers$vPeriodicals.
=710  2\$aWiley InterScience (Online service)
=776  1\$tConcurrency and computation$x1532-0626
=780  00$tConcurrency, practice and experience (Online)$x1096-9128
=859  \\$aELD$bejournal
=856  \\$31850-9999$uhttp://onlinelibrary.wiley.com/$xBLDSS
=852  41$aBritish Library$bSTI$jELD Digital store$3Volume 25:Number 1(2013:Jan.)-***Previous issues available in print copy
=852  41$aBritish Library$bDSC$j3405.622000$3Volume 18:Issue 1(2006)-Volume 23:Issue 18(2011)***See ESTAR for full holdings.
=945  \\$aCONCURRENCY AND COMPUTATION
=959  \\$fHeld but not currently received
=985  \\$aCONFERENCE ANALYTIC RECORDS EXIST
=CAT  \\$a3072$b40$c20051118$lBLL01$h1112
=CAT  \\$a3072$b40$c20051118$lBLL01$h1121
=CAT  \\$a3072$b40$c20051123$lBLL01$h1100
=CAT  \\$aBATCH-UPD$b40$c20060901$lBLL01$h0959
=CAT  \\$aBATCH-UPD$b40$c20060901$lBLL01$h1030
=CAT  \\$aBATCH-UPD$b40$c20101116$lBLL01$h1334
=CAT  \\$aIPL-CLA$c20101231$lBLL01$h1516
=CAT  \\$aCDS12-UPD$b40$c20120402$lBLL01$h1434
=CAT  \\$a10997$b40$c20121116$lBLL01$h1339
=CAT  \\$aWR13.114$c20130717$lBLL01$h1313
=CAT  \\$aBATCH-PORT$c20130829$lBLL01$h1113
=CAT  \\$aWR14_009$c20140204$lBLL01$h2344
=CAT  \\$aBLDSS-3PM$b00$c20141214$lBLL01$h1522
=CAT  \\$aBATCH-UPD$b00$c20150215$lBLL01$h1656
=CAT  \\$aIPL-CLA$c20150228$lBLL01$h2049
=CAT  \\$aBATCH-UPD$b00$c20160517$lBLL01$h1617
=CAT  \\$aW1711-1005$c20171206$lBLL01$h1817
=CAT  \\$aBATCH-UPD$b00$c20180219$lBLL01$h1747
=CAT  \\$aBATCH-UPD$b00$c20181121$lBLL01$h1622
=CAT  \\$aIPL-CLA$c20181231$lBLL01$h1543
=CAT  \\$aR1911-0245$c20191127$lBLL01$h0944
=CAT  \\$aR1911-0245$c20191127$lBLL01$h1045
=CAT  \\$aIPL-CLA$c20191231$lBLL01$h1936
=CAT  \\$aW2111-0842$c20211209$lBLL01$h1035
=CAT  \\$aIPL-CLA$c20211231$lBLL01$h1543
=CFI  0\$aCurrent copyright fee: GBP46.00$c35\0$e01-jan-2022$fGBP46.00$g0$hP$5Uk
=CFI  2\$aPrevious Copyright Fee: GBP39.00$c35\0$e01-jan-2020$fGBP39.00$g0$hP$5Uk
=EST  \\$a1
=FFP  \\$aY$bBLDSS-3PM
=FIN  \\$aY$d20051118
=MNI  \\$a1532-0626
=SID  \\$aZ39$bOCLC
=TCO  \\$aCLA$bCLA$c008
=TOC  \\$aETOC
=UNO  \\$aY
=ACF  \\$aPrevious Copyright Fee: GBP17.00$c35\0$e01-apr-2005$fGBP17.00$g0$hP$5Uk
=ACF  \\$aPrevious copyright fee: GBP22.00$c35\0$e01-jan-2011$fGBP22.00$g0$hP$5Uk
=ACF  \\$aPrevious copyright fee: GBP24.00$c35\0$e01-mar-2015$fGBP24.00$g0$hP$5Uk
=ACF  \\$aPrevious copyright fee: GBP28.00$c35\0$e01-jan-2019$fGBP28.00$g0$hP$5Uk
=LAS  \\$aIPL-CLA$b00$c20211231$lBLL01$h1543

