=LDR  04293cas a2201033 a 4500
=001  013340108
=003  Uk
=005  20211231154316.0
=006  m\\\\\\\\d\\\\\\\\
=007  cr\cnu\\\\\\\\
=008  010531c20029999nyuqx1pss\\\\\0\\\a0eng\c
=FMT  \\$a  SE
=010  \\$a2001212659
=015  \\$aGBA599882$2bnb
=022  0\$a1535-3966$y1535-3958
=037  \\$aISSN_15353958$bPortico$nWiley
=040  \\$aNSD$cNSD$dOCLCQ$dMYG$dOCLCQ$dDLC$dUk
=042  \\$aukblsr$ansdp
=050  00$aGE300
=082  10$a658.408$222
=130  0\$aCorporate social-responsibility and environmental management (Online)
=222  \0$aCorporate social-responsibility and environmental management$b(Online)
=245  10$aCorporate social responsibility and environmental management$h[electronic resource].
=260  \\$aNew York :$bJohn Wiley & Sons,$cc2002-
=310  \\$aFour no. a year
=336  \\$atext$2rdacontent
=337  \\$acomputer$2rdamedia
=338  \\$aonline resource$2rdacarrier
=362  0\$aVol. 9, issue 1 (Mar. 2002)-
=500  \\$aTitle from contents screen (viewed July 29, 2002).
=500  \\$aLatest issue consulted: Vol. 9, issue 2 (June 2002).
=530  \\$aAlso issued in print.
=538  \\$aMode of access: World Wide Web.
=550  \\$aPublished in conjunction with ERP Environment.
=540  \\$aCurrent copyright fee: GBP39.00$c35\0$5Uk
=650  \0$aEnvironmental management$vPeriodicals.
=650  \0$aEnvironmental auditing$vPeriodicals.
=690  7\$aManagement and Business Studies$2blcoll
=710  2\$aERP Environment (Firm)
=776  1\$tCorporate social-responsibility and environmental management$x1535-3958
=780  00$tEco-management and auditing (Online)$x1099-0925
=859  \\$aELD$bejournal
=856  \\$31850-9999$uhttp://onlinelibrary.wiley.com/$xBLDSS
=852  41$aBritish Library$bSTI$jELD Digital store$3Volume 20:Number 1(2013)-***Previous issues available in print copy
=852  41$aBritish Library$bDSC$j3472.093215$3Volume 13:Issue 1(2006)-Volume 21:Issue 6(2014)***See ESTAR for full holdings.
=945  \\$aCORPORATE SOCIAL RESPONSIBILITY AND ENVIRONMENTAL MANAGEMENT
=959  \\$fHeld but not currently received
=CAT  \\$a3072$b40$c20051118$lBLL01$h1128
=CAT  \\$aBATCH-UPD$b40$c20060901$lBLL01$h1030
=CAT  \\$aBATCH$b00$c20090624$lBLL01$h1707
=CAT  \\$aBATCH-UPD$b00$c20101116$lBLL01$h1334
=CAT  \\$aIPL-CLA$c20101231$lBLL01$h1516
=CAT  \\$aBATCH-CLA$b00$c20130526$lBLL01$h1657
=CAT  \\$aWR13.114$c20130717$lBLL01$h1313
=CAT  \\$aBATCH-PORT$c20130829$lBLL01$h1113
=CAT  \\$aWR14_009$c20140204$lBLL01$h2343
=CAT  \\$aBLDSS-3PM$b00$c20141214$lBLL01$h1522
=CAT  \\$aBATCH-UPD$b00$c20150215$lBLL01$h1656
=CAT  \\$aIPL-CLA$c20150228$lBLL01$h2049
=CAT  \\$aCDS15-UPD$b40$c20150918$lBLL01$h1639
=CAT  \\$aBATCH-UPD$b40$c20160517$lBLL01$h1616
=CAT  \\$aW1711-1005$c20171206$lBLL01$h1817
=CAT  \\$aBATCH-UPD$b00$c20180219$lBLL01$h1747
=CAT  \\$aBATCH-UPD$b00$c20181121$lBLL01$h1622
=CAT  \\$aIPL-CLA$c20181231$lBLL01$h1543
=CAT  \\$a5410$b40$c20191101$lBLL01$h1109
=CAT  \\$aR1911-0245$c20191127$lBLL01$h0823
=CAT  \\$aR1911-0245$c20191127$lBLL01$h1045
=CAT  \\$aIPL-CLA$c20191231$lBLL01$h1936
=CAT  \\$a12654$b40$c20210406$lBLL01$h0756
=CAT  \\$a5410$b40$c20210613$lBLL01$h1233
=CAT  \\$aW2111-0842$c20211208$lBLL01$h1942
=CAT  \\$aIPL-CLA$c20211231$lBLL01$h1543
=CFI  0\$aCurrent copyright fee: GBP39.00$c35\0$e01-jan-2022$fGBP39.00$g0$hP$5Uk
=CFI  2\$aPrevious Copyright Fee: GBP32.00$c35\0$e01-jan-2020$fGBP32.00$g0$hP$5Uk
=EST  \\$a1
=FFP  \\$aY$bBLDSS-3PM
=FIN  \\$aY$d20051118
=MNI  \\$a1535-3958
=SID  \\$aZ39$bOCLC
=TCO  \\$aTRS$bCCC$c008
=TCO  \\$aCLA$bCLA$c008
=TOC  \\$aETOC
=UNO  \\$aY
=ACF  \\$aPrevious Copyright Fee: GBP17.00$c35\0$e01-apr-2005$fGBP17.00$g0$hP$5Uk
=ACF  \\$aPrevious copyright fee: GBP22.00$c35\0$e01-jan-2011$fGBP22.00$g0$hP$5Uk
=ACF  \\$aPrevious copyright fee: GBP24.00$c35\0$e01-mar-2015$fGBP24.00$g0$hP$5Uk
=ACF  \\$aPrevious copyright fee: GBP28.00$c35\0$e01-jan-2019$fGBP28.00$g0$hP$5Uk
=LAS  \\$aIPL-CLA$b00$c20211231$lBLL01$h1543

