=LDR  04166cas a2200997 a 4500
=001  013340141
=003  Uk
=005  20221211134631.0
=006  m\\\\\\\\d\\\\\\\\
=007  cr\cnu\\\\\\\\
=008  980722c19999999enkbr1pss\\\\\0\\\a0eng\d
=FMT  \\$a  SE
=010  \\$asn 98000844
=015  \\$aGBA599887$2bnb
=022  0\$a1520-7560$y1520-7552
=037  \\$aISSN_15207552$bJohn Wiley & Sons, ltd., Journal Subsciption Dept., 1 Oldlands Way, Bognor Regis, UK
=040  \\$aNSD$cNSD$dMXC$dGUA$dNSD$dOCL$dOCLCQ$dMYG$dOCLCQ$dUk
=042  \\$ansdp$aukblsr
=082  04$a616.642$222
=130  0\$aDiabetes/metabolism research and reviews (Online)
=210  0\$aDiabetes/metab. res. rev.$b(Online)
=222  \0$aDiabetes/metabolism research and reviews$b(Online)
=245  10$aDiabetes/metabolism research and reviews$h[electronic resource].
=260  \\$aChichester, UK :$bJohn Wiley & Sons,$cc2000-
=310  \\$aBimonthly
=336  \\$atext$2rdacontent
=337  \\$acomputer$2rdamedia
=338  \\$aonline resource$2rdacarrier
=362  0\$aVol. 15, issue 1 (Jan./Feb. 1999)-
=500  \\$aTitle from contents screen (viewed Aug. 9, 2001).
=500  \\$aLatest issue consulted: Vol. 18, issue 3 (May/June 2002).
=538  \\$aMode of access: World Wide Web.
=540  \\$aCurrent copyright fee: GBP46.00$c35\0$5Uk
=650  \0$aDiabetes$vPeriodicals.
=650  \0$aMetabolism$vPeriodicals.
=776  1\$tDiabetes/metabolism research and reviews$x1520-7552
=780  00$tDiabetes/metabolism reviews (Online)$x1099-0895
=859  \\$aELD$bejournal
=856  \\$31850-9999$uhttp://onlinelibrary.wiley.com/$xBLDSS
=852  41$aBritish Library$bSTI$jELD Digital store$3Volume 29:Issue 1(2013:Jan.)-***previous issues available in print copy only
=852  41$aBritish Library$bDSC$j3579.601870$3Volume 22:Issue 1(2006)-Volume 34:Issue 3(2018)***See ESTAR for full holdings.
=945  \\$aDIABETES METABOLISM RESEARCH AND REVIEWS
=959  \\$fHeld but not currently received
=979  \\$aBritish Library$bDSC$j3579.601870
=985  \\$aCONFERENCE ANALYTIC RECORDS EXIST
=CAT  \\$a3072$b40$c20051118$lBLL01$h1148
=CAT  \\$a3072$b40$c20051123$lBLL01$h1107
=CAT  \\$aBATCH-UPD$b40$c20060901$lBLL01$h0959
=CAT  \\$aBATCH-UPD$b40$c20060901$lBLL01$h1030
=CAT  \\$aBATCH-UPD$b40$c20101116$lBLL01$h1334
=CAT  \\$aIPL-CLA$c20101231$lBLL01$h1516
=CAT  \\$a6162$b40$c20121004$lBLL01$h1435
=CAT  \\$aWR12_168$c20121206$lBLL01$h1816
=CAT  \\$aWR13.114$c20130717$lBLL01$h1313
=CAT  \\$aBATCH-PORT$c20130829$lBLL01$h1113
=CAT  \\$aWR14_009$c20140204$lBLL01$h2342
=CAT  \\$aBLDSS-3PM$b00$c20141214$lBLL01$h1522
=CAT  \\$aBATCH-UPD$b00$c20150215$lBLL01$h1656
=CAT  \\$aIPL-CLA$c20150228$lBLL01$h2049
=CAT  \\$aBATCH-UPD$b00$c20160531$lBLL01$h1432
=CAT  \\$aW1711-1005$c20171206$lBLL01$h1817
=CAT  \\$aBATCH-UPD$b00$c20180219$lBLL01$h1747
=CAT  \\$aW1805-0471$c20180520$lBLL01$h1139
=CAT  \\$aBATCH-UPD$b00$c20181121$lBLL01$h1622
=CAT  \\$aIPL-CLA$c20181231$lBLL01$h1543
=CAT  \\$aR1911-0245$c20191127$lBLL01$h0944
=CAT  \\$aR1911-0245$c20191127$lBLL01$h1045
=CAT  \\$aIPL-CLA$c20191231$lBLL01$h1936
=CAT  \\$aW2111-0842$c20211209$lBLL01$h1035
=CAT  \\$aIPL-CLA$c20211231$lBLL01$h1543
=CAT  \\$a5410$b40$c20221211$lBLL01$h1346
=CFI  0\$aCurrent copyright fee: GBP46.00$c35\0$e01-jan-2022$fGBP46.00$g0$hP$5Uk
=CFI  2\$aPrevious Copyright Fee: GBP39.00$c35\0$e01-jan-2020$fGBP39.00$g0$hP$5Uk
=EST  \\$a1
=FFP  \\$aY$bBLDSS-3PM
=FIN  \\$aY$d20051118
=MNI  \\$a1520-7552
=SID  \\$aZ39$bOCLC
=TCO  \\$aCLA$bCLA$c008
=TOC  \\$aETOC
=UNO  \\$aY
=ACF  \\$aPrevious Copyright Fee: GBP17.00$c35\0$e01-apr-2005$fGBP17.00$g0$hP$5Uk
=ACF  \\$aPrevious copyright fee: GBP22.00$c35\0$e01-jan-2011$fGBP22.00$g0$hP$5Uk
=ACF  \\$aPrevious copyright fee: GBP24.00$c35\0$e01-mar-2015$fGBP24.00$g0$hP$5Uk
=ACF  \\$aPrevious copyright fee: GBP28.00$c35\0$e01-jan-2019$fGBP28.00$g0$hP$5Uk
=LAS  \\$a5410$b40$c20221211$lBLL01$h1346

