=LDR  04053cas a2201021 a 4500
=001  013340161
=003  Uk
=005  20221016110732.0
=006  m\\\\\\\\d\\\\\\\\
=007  cr\mnu\\\\\\\\
=008  000512c19959999nyuqr1pso\\\\\0\\\a0eng\d
=FMT  \\$a  SE
=010  \\$a2001212341
=015  \\$aGBB348241$2bnb
=022  0\$a1099-0909$y1076-9242
=037  \\$aISSN_10769242$bPortico$nWiley
=040  \\$aOH1$cOH1$dNSD$dEYM$dOCLCQ$dOCL$dUk
=042  \\$ansdp$aukblsr
=050  14$aRC394.W6$bD952
=082  04$a616.8553$220
=130  0\$aDyslexia (Online)
=210  0\$aDyslexia$b(Chichester Engl., Online)
=222  \0$aDyslexia$b(Chichester, England. Online)
=245  10$aDyslexia$h[electronic resource].
=260  \\$aNew York :$bJ. Wiley.
=310  \\$aQuarterly
=336  \\$atext$2rdacontent
=337  \\$acomputer$2rdamedia
=338  \\$aonline resource$2rdacarrier
=362  1\$aPrint began with vol. 1, no. 1 (May 1995).
=500  \\$aDescription based on: Vol. 3, issue 1 (Mar. 1997); title from general information screen (viewed May 12, 2000).
=500  \\$aLatest issue consulted: Vol. 7, issue 2 (Apr./June 2001).
=530  \\$aAlso issued in print.
=538  \\$aMode of access: World Wide Web.
=550  \\$aJournal of the British Dyslexia Association.
=540  \\$aCurrent copyright fee: GBP39.00$c35\0$5Uk
=650  \0$aDyslexia$vPeriodicals.
=710  2\$aBritish Dyslexia Association.
=776  1\$tDyslexia$x1076-9242
=859  \\$aELD$bejournal
=856  \\$31850-9999$uhttp://onlinelibrary.wiley.com/$xBLDSS
=852  41$aBritish Library$bHMNTS$jELD Digital store$3Volume 19:Number 1(2013:Jan.)-***Previous issues available in print copy
=852  41$aBritish Library$bDSC$j3637.234000$3Volume 12:Issue 1(2006)-Volume 20:Issue 4(2014)***See ESTAR for full holdings.
=945  \\$aDyslexia -Chichester-
=959  \\$fHeld but not currently received
=979  \\$aBritish Library$bDSC$j3637.234000
=CAT  \\$a3072$b40$c20051118$lBLL01$h1204
=CAT  \\$aBATCH-UPD$b40$c20060901$lBLL01$h1030
=CAT  \\$aBATCH-UPD$b40$c20101116$lBLL01$h1334
=CAT  \\$aIPL-CLA$c20101231$lBLL01$h1516
=CAT  \\$aWR12_168$c20121206$lBLL01$h1816
=CAT  \\$a8874$b40$c20130516$lBLL01$h1412
=CAT  \\$aBATCH-CLA$b00$c20130526$lBLL01$h1627
=CAT  \\$aWR13.114$c20130717$lBLL01$h1313
=CAT  \\$aBATCH-PORT$c20130829$lBLL01$h1113
=CAT  \\$aWR14_009$c20140204$lBLL01$h2343
=CAT  \\$aBLDSS-3PM$b00$c20141214$lBLL01$h1522
=CAT  \\$aBATCH-UPD$b00$c20150215$lBLL01$h1656
=CAT  \\$aIPL-CLA$c20150228$lBLL01$h2049
=CAT  \\$aCDS15-UPD$b40$c20150918$lBLL01$h1639
=CAT  \\$aBATCH-UPD$b40$c20160607$lBLL01$h1749
=CAT  \\$aW1711-1005$c20171206$lBLL01$h1817
=CAT  \\$aBATCH-UPD$b00$c20180219$lBLL01$h1747
=CAT  \\$aBATCH-UPD$b00$c20181121$lBLL01$h1622
=CAT  \\$aIPL-CLA$c20181231$lBLL01$h1543
=CAT  \\$a5410$b40$c20191106$lBLL01$h0934
=CAT  \\$aR1911-0245$c20191127$lBLL01$h0823
=CAT  \\$aR1911-0245$c20191127$lBLL01$h1045
=CAT  \\$aIPL-CLA$c20191231$lBLL01$h1936
=CAT  \\$aW2111-0842$c20211208$lBLL01$h1942
=CAT  \\$aIPL-CLA$c20211231$lBLL01$h1543
=CAT  \\$a5410$b40$c20221016$lBLL01$h1107
=CFI  0\$aCurrent copyright fee: GBP39.00$c35\0$e01-jan-2022$fGBP39.00$g0$hP$5Uk
=CFI  2\$aPrevious Copyright Fee: GBP32.00$c35\0$e01-jan-2020$fGBP32.00$g0$hP$5Uk
=EST  \\$a1
=FFP  \\$aY$bBLDSS-3PM
=FIN  \\$aY$d20051118
=MNI  \\$a1076-9242
=SID  \\$aZ39$bOCLC
=TCO  \\$aTRS$bCCC$c008
=TCO  \\$aCLA$bCLA$c008
=TOC  \\$aETOC
=UNO  \\$aY
=ACF  \\$aPrevious Copyright Fee: GBP17.00$c35\0$e01-apr-2005$fGBP17.00$g0$hP$5Uk
=ACF  \\$aPrevious copyright fee: GBP22.00$c35\0$e01-jan-2011$fGBP22.00$g0$hP$5Uk
=ACF  \\$aPrevious copyright fee: GBP24.00$c35\0$e01-mar-2015$fGBP24.00$g0$hP$5Uk
=ACF  \\$aPrevious copyright fee: GBP28.00$c35\0$e01-jan-2019$fGBP28.00$g0$hP$5Uk
=LAS  \\$a5410$b40$c20221016$lBLL01$h1107

