=LDR  04179cas a2201009 a 4500
=001  013340347
=003  Uk
=005  20221210175025.0
=006  m\\\\\o\\u\\\\\\\\
=007  cr\cnu||||||||
=008  971230c19819999nyumx1pso\\\\\0\\\a0eng\d
=FMT  \\$a  SE
=010  \\$asn 97001335
=015  \\$aGBB348801$2bnb
=022  0\$a1096-9837$l0197-9337$21
=037  \\$aISSN_01979337$bPortico$nWiley
=040  \\$aNSD$cNSD$dOCL$dNSD$dOCLCQ$dUk
=042  \\$ansdp$aukblsr
=082  04$a551.4$222
=130  0\$aEarth surface processes and landforms (Online)
=210  0\$aEarth surf. process. landf.$b(Online)
=222  \0$aEarth surface processes and landforms$b(Online)
=245  10$aEarth surface processes and landforms$h[electronic resource].
=260  \\$aNew York, NY :$bJohn Wiley & Sons
=310  \\$aThirteen no. a year
=336  \\$atext$2rdacontent
=337  \\$acomputer$2rdamedia
=338  \\$aonline resource$2rdacarrier
=362  1\$aPrint began with: Vol. 6, no. 1 (Jan./Feb. 1981).
=500  \\$aDescription based on: Vol. 21, issue 1 (Jan. 1996); title from contents screen (viewed Nov. 21, 2000).
=530  \\$aAlso issued in print.
=538  \\$aMode of access: World Wide Web.
=550  \\$aPublished on behalf of: British Geomorphological Research Group (now called the British Society for Geomorphology), <2010->
=540  \\$aCurrent Copyright Fee: GBP46.00$c35\0$5Uk
=650  \0$aGeomorphology$vPeriodicals.
=710  2\$aBritish Geomorphological Research Group.
=776  1\$tEarth surface processes and landforms$x0197-9337
=780  00$tEarth surface processes (Online)$x1931-8065
=859  \\$aELD$bejournal
=856  \\$31850-9999$uhttp://onlinelibrary.wiley.com/$xBLDSS
=852  41$aBritish Library$bSTI$jELD Digital store$3Volume 38:Issue 1(2013)-***Previous issues available in print copy
=852  41$aBritish Library$bDSC$j3643.564030$3Volume 27:Issue 6(2002)-Volume 43:Issue 3(2018)***See ESTAR for full holdings.
=945  \\$aEARTH SURFACE PROCESSES AND LANDFORMS
=959  \\$fHeld but not currently received
=979  \\$aBritish Library$bDSC$j3643.564030
=985  \\$aCONFERENCE ANALYTIC RECORDS EXIST
=CAT  \\$a3072$b40$c20051118$lBLL01$h1448
=CAT  \\$aBATCH-UPD$b40$c20101116$lBLL01$h1334
=CAT  \\$aIPL-CLA$c20101231$lBLL01$h1516
=CAT  \\$aWR12_168$c20121206$lBLL01$h1816
=CAT  \\$a10997$b40$c20130308$lBLL01$h1043
=CAT  \\$a8874$b40$c20130516$lBLL01$h1449
=CAT  \\$a8874$b40$c20130517$lBLL01$h0741
=CAT  \\$a8874$b40$c20130517$lBLL01$h0742
=CAT  \\$aBATCH-CLA$b00$c20130526$lBLL01$h1627
=CAT  \\$aWR13.114$c20130717$lBLL01$h1313
=CAT  \\$aBATCH-PORT$c20130829$lBLL01$h1113
=CAT  \\$aWR14_009$c20140204$lBLL01$h2342
=CAT  \\$aBLDSS-3PM$b00$c20141214$lBLL01$h1522
=CAT  \\$aBATCH-UPD$b00$c20150215$lBLL01$h1656
=CAT  \\$aIPL-CLA$c20150228$lBLL01$h2049
=CAT  \\$aBATCH-UPD$b00$c20160517$lBLL01$h1717
=CAT  \\$aW1711-1005$c20171206$lBLL01$h1817
=CAT  \\$aBATCH-UPD$b00$c20180219$lBLL01$h1747
=CAT  \\$aW1805-0471$c20180520$lBLL01$h1139
=CAT  \\$aBATCH-UPD$b00$c20181121$lBLL01$h1622
=CAT  \\$aIPL-CLA$c20181231$lBLL01$h1543
=CAT  \\$aR1911-0245$c20191127$lBLL01$h1015
=CAT  \\$aR1911-0245$c20191127$lBLL01$h1031
=CAT  \\$aR1911-0245$c20191127$lBLL01$h1035
=CAT  \\$aIPL-CLA$c20191231$lBLL01$h1936
=CAT  \\$a5410$b40$c20221210$lBLL01$h1750
=CFI  0\$aCurrent Copyright Fee: GBP46.00$c35\0$e01-jan-2020$fGBP46.00$g0$hP$5Uk
=CFI  2\$aPrevious copyright fee: GBP28.00$c35\0$e01-jan-2019$fGBP28.00$g0$hP$5Uk
=EST  \\$a1
=FFP  \\$aY$bBLDSS-3PM
=FIN  \\$aY$d20051118
=MNI  \\$a0197-9337
=SID  \\$aZ39$bOCLC
=TCO  \\$aTRS$bCCC$c008
=TCO  \\$aCLA$bCLA$c008
=TOC  \\$aETOC
=UNO  \\$aY
=ACF  \\$aPrevious Copyright Fee: GBP17.00$c35\0$e01-apr-2005$fGBP17.00$g0$hP$5Uk
=ACF  \\$aPrevious copyright fee: GBP22.00$c35\0$e01-jan-2011$fGBP22.00$g0$hP$5Uk
=ACF  \\$aPrevious copyright fee: GBP24.00$c35\0$e01-mar-2015$fGBP24.00$g0$hP$5Uk
=LAS  \\$a5410$b40$c20221210$lBLL01$h1750

