=LDR  03904cas a2200961 a 4500
=001  013340365
=003  Uk
=005  20211231154317.0
=006  m\\\\\\\\d\\\\\\\\
=007  cr\cnu||||||||
=008  990624c19909999nyubr1pss\\\\\0\\\a0eng\d
=FMT  \\$a  SE
=010  \\$a00229621
=015  \\$aGBB350993$2bnb
=022  0\$a1099-095X$y1180-4009
=037  \\$aISSN_11804009$bPortico$nWiley
=040  \\$aDLM$cDLM$dFUG$dNSD$dTJC$dOCLCQ$dUk
=042  \\$aukblsr$ansdp
=050  14$aGE45.S73
=082  04$a550.72$213
=130  0\$aEnvironMetrics (London, Ont. : Online)
=210  0\$aEnvironmetrics$b(London Ont., Online)
=222  \0$aEnvironmetrics$b(London, Ont. Online)
=245  10$aEnvironmetrics$h[electronic resource].
=260  \\$a[New York] :$bJ. Wiley
=310  \\$aBimonthly
=336  \\$atext$2rdacontent
=337  \\$acomputer$2rdamedia
=338  \\$aonline resource$2rdacarrier
=362  1\$aPrint began with vol. 1, no. 1 (Mar. 1990).
=500  \\$aDescription based on: Vol. 8, issue 1 (Jan. 1997); title from journal information screen (viewed June 13, 2001).
=538  \\$aMode of access: World Wide Web.
=550  \\$aOfficial journal of the International Environmetrics Society.
=540  \\$aCurrent copyright fee: GBP46.00$c35\0$5Uk
=650  \0$aEnvironmental sciences$xStatistical methods$vPeriodicals.
=710  2\$aInternational Environmetrics Society.
=776  1\$tEnvironmetrics$x1180-4009
=859  \\$aELD$bejournal
=856  \\$31850-9999$uhttp://onlinelibrary.wiley.com/$xBLDSS
=852  41$aBritish Library$bSTI$jELD Digital store$3Volume 24:Issue 1(2013:Feb.)-***Previous issues available in print copy
=852  41$aBritish Library$bDSC$j3791.797000$3Volume 17:Issue 1(2006)-Volume 22:Issue 8(2011)***See ESTAR for full holdings.
=945  \\$aEnvironmetrics -Chichester-
=959  \\$fHeld but not currently received
=CAT  \\$a3072$b40$c20051118$lBLL01$h1501
=CAT  \\$a3072$b40$c20051118$lBLL01$h1536
=CAT  \\$aBATCH-UPD$b40$c20060901$lBLL01$h0959
=CAT  \\$aBATCH-UPD$b40$c20060901$lBLL01$h1030
=CAT  \\$aBATCH-UPD$b40$c20101116$lBLL01$h1334
=CAT  \\$aIPL-CLA$c20101231$lBLL01$h1516
=CAT  \\$aCDS12-UPD$b40$c20120402$lBLL01$h1434
=CAT  \\$aWR12_168$c20121206$lBLL01$h1816
=CAT  \\$a8456$b40$c20130524$lBLL01$h1431
=CAT  \\$aWR13.114$c20130717$lBLL01$h1313
=CAT  \\$aBATCH-PORT$c20130829$lBLL01$h1113
=CAT  \\$aWR14_009$c20140204$lBLL01$h2342
=CAT  \\$aBLDSS-3PM$b00$c20141214$lBLL01$h1522
=CAT  \\$aBATCH-UPD$b00$c20150215$lBLL01$h1656
=CAT  \\$aIPL-CLA$c20150228$lBLL01$h2049
=CAT  \\$aBATCH-UPD$b00$c20160518$lBLL01$h1941
=CAT  \\$aW1711-1005$c20171206$lBLL01$h1817
=CAT  \\$aBATCH-UPD$b00$c20180219$lBLL01$h1747
=CAT  \\$aBATCH-UPD$b00$c20181121$lBLL01$h1622
=CAT  \\$aIPL-CLA$c20181231$lBLL01$h1543
=CAT  \\$aR1911-0245$c20191127$lBLL01$h0944
=CAT  \\$aR1911-0245$c20191127$lBLL01$h1045
=CAT  \\$aIPL-CLA$c20191231$lBLL01$h1936
=CAT  \\$aW2111-0842$c20211209$lBLL01$h1035
=CAT  \\$aIPL-CLA$c20211231$lBLL01$h1543
=CFI  0\$aCurrent copyright fee: GBP46.00$c35\0$e01-jan-2022$fGBP46.00$g0$hP$5Uk
=CFI  2\$aPrevious Copyright Fee: GBP39.00$c35\0$e01-jan-2020$fGBP39.00$g0$hP$5Uk
=EST  \\$a1
=FFP  \\$aY$bBLDSS-3PM
=FIN  \\$aY$d20051118
=MNI  \\$a1180-4009
=SID  \\$aZ39$bOCLC
=TCO  \\$aTRS$bCCC$c008
=TOC  \\$aETOC
=UNO  \\$aY
=ACF  \\$aPrevious Copyright Fee: GBP17.00$c35\0$e01-apr-2005$fGBP17.00$g0$hP$5Uk
=ACF  \\$aPrevious copyright fee: GBP22.00$c35\0$e01-jan-2011$fGBP22.00$g0$hP$5Uk
=ACF  \\$aPrevious copyright fee: GBP24.00$c35\0$e01-mar-2015$fGBP24.00$g0$hP$5Uk
=ACF  \\$aPrevious copyright fee: GBP28.00$c35\0$e01-jan-2019$fGBP28.00$g0$hP$5Uk
=LAS  \\$aIPL-CLA$b00$c20211231$lBLL01$h1543

