=LDR  04247cas a2201045 a 4500
=001  013340524
=003  Uk
=005  20221211132811.0
=006  m\\\\\\\\d\\\\\\\\
=007  cr\mn|||||||||
=008  000512c19939999nyubr1pss\\\\\0\\\a0eng\d
=FMT  \\$a  SE
=010  \\$a2001212334
=015  \\$aGBB351008$2bnb
=022  0\$a1099-0968$y1072-4133
=037  \\$aISSN_10724133$bPortico$nWiley
=040  \\$aOH1$cOH1$dNSD$dEYM$dOCLCQ$dOCL$dUk
=042  \\$ansdp$aukblsr
=050  14$aRC552.E18$bE97
=082  04$a616.8526$222
=130  0\$aEuropean eating disorders review (Online)
=210  0\$aEur. eat. disord. rev.$b(Online)
=222  \0$aEuropean eating disorders review$b(Online)
=245  10$aEuropean eating disorders review$h[electronic resource].
=260  \\$aNew York :$bJ. Wiley
=310  \\$aBimonthly,$b2001-
=321  \\$aQuarterly,$b<1997>-1998
=321  \\$a5 no. a year,$b1999-2000
=336  \\$atext$2rdacontent
=337  \\$acomputer$2rdamedia
=338  \\$aonline resource$2rdacarrier
=362  1\$aPrint began with vol. 1, no. 3 (Dec. 1993).
=500  \\$aDescription based on: Vol. 5, issue 1 (Mar. 1997); title from general information screen (viewed May 12, 2000).
=500  \\$aLatest issue consulted: Vol. 9, issue 4 (July/Aug. 2001).
=530  \\$aAlso issued in print.
=538  \\$aMode of access: World Wide Web.
=550  \\$aJournal of the Eating Disorders Association.
=540  \\$aCurrent copyright fee: GBP46.00$c35\0$5Uk
=650  \0$aEating disorders$vPeriodicals.
=710  2\$aEating Disorders Association (Great Britain)
=776  1\$tEuropean eating disorders review$x1072-4133
=859  \\$aELD$bejournal
=856  \\$31850-9999$uhttp://onlinelibrary.wiley.com/$xBLDSS
=852  41$aBritish Library$bSTI$jELD Digital store$3Volume 21:Number 1(2013:Jan.)-***Previous issues available in print copy
=852  41$aBritish Library$bDSC$j3829.693600$3Volume 14:Issue 1(2006)-Volume 26:Issue 2(2018)***See ESTAR for full holdings.
=945  \\$aEUROPEAN EATING DISORDERS REVIEW
=959  \\$fHeld but not currently received
=979  \\$aBritish Library$bDSC$j3829.693600
=CAT  \\$a3072$b40$c20051118$lBLL01$h1656
=CAT  \\$aBATCH-UPD$b40$c20060901$lBLL01$h0959
=CAT  \\$aBATCH-UPD$b40$c20060901$lBLL01$h1030
=CAT  \\$aBATCH-UPD$b40$c20101116$lBLL01$h1334
=CAT  \\$aIPL-CLA$c20101231$lBLL01$h1516
=CAT  \\$aWR12_168$c20121206$lBLL01$h1816
=CAT  \\$a8456$b40$c20130524$lBLL01$h1504
=CAT  \\$aBATCH-CLA$b00$c20130526$lBLL01$h1619
=CAT  \\$aWR13.114$c20130717$lBLL01$h1313
=CAT  \\$aBATCH-PORT$c20130829$lBLL01$h1113
=CAT  \\$aWR14_009$c20140204$lBLL01$h2343
=CAT  \\$aBLDSS-3PM$b00$c20141214$lBLL01$h1522
=CAT  \\$aBATCH-UPD$b00$c20150215$lBLL01$h1656
=CAT  \\$aIPL-CLA$c20150228$lBLL01$h2049
=CAT  \\$aBATCH-UPD$b00$c20160518$lBLL01$h1943
=CAT  \\$aW1711-1005$c20171206$lBLL01$h1817
=CAT  \\$aBATCH-UPD$b00$c20180219$lBLL01$h1747
=CAT  \\$aW1805-0471$c20180520$lBLL01$h1139
=CAT  \\$aBATCH-UPD$b00$c20181121$lBLL01$h1622
=CAT  \\$aIPL-CLA$c20181231$lBLL01$h1543
=CAT  \\$aR1911-0245$c20191127$lBLL01$h0944
=CAT  \\$aR1911-0245$c20191127$lBLL01$h1045
=CAT  \\$aIPL-CLA$c20191231$lBLL01$h1936
=CAT  \\$aW2111-0842$c20211209$lBLL01$h1035
=CAT  \\$aIPL-CLA$c20211231$lBLL01$h1543
=CAT  \\$a5410$b40$c20221211$lBLL01$h1328
=CFI  0\$aCurrent copyright fee: GBP46.00$c35\0$e01-jan-2022$fGBP46.00$g0$hP$5Uk
=CFI  2\$aPrevious Copyright Fee: GBP39.00$c35\0$e01-jan-2020$fGBP39.00$g0$hP$5Uk
=EST  \\$a1
=FFP  \\$aY$bBLDSS-3PM
=FIN  \\$aY$d20051118
=MNI  \\$a1072-4133
=SID  \\$aZ39$bOCLC
=TCO  \\$aTRS$bCCC$c008
=TCO  \\$aCLA$bCLA$c008
=TOC  \\$aETOC
=UNO  \\$aY
=ACF  \\$aPrevious Copyright Fee: GBP17.00$c35\0$e01-apr-2005$fGBP17.00$g0$hP$5Uk
=ACF  \\$aPrevious copyright fee: GBP22.00$c35\0$e01-jan-2011$fGBP22.00$g0$hP$5Uk
=ACF  \\$aPrevious copyright fee: GBP24.00$c35\0$e01-mar-2015$fGBP24.00$g0$hP$5Uk
=ACF  \\$aPrevious copyright fee: GBP28.00$c35\0$e01-jan-2019$fGBP28.00$g0$hP$5Uk
=LAS  \\$a5410$b40$c20221211$lBLL01$h1328

