=LDR  04239cas a2201033 a 4500
=001  013341145
=003  Uk
=005  20221016110808.0
=006  m\\\\\o\\d\\\\\\\\
=007  cr\mn|||||||||
=008  000330c19919999enkbr1pso\\\\\0\\\a0eng\d
=FMT  \\$a  SE
=010  \\$a2001212281
=015  \\$aGBB350651$2bnb
=022  0\$a1099-1654$y1052-9276
=037  \\$aISSN_10529276$bPortico$nWiley
=040  \\$aTMC$cTMC$dNSD$dTJC$dEYM$dOCLCQ$dWAU$dOCLCQ$dOCL$dUk
=042  \\$ansdp$aukblsr
=082  04$a616.0194$222
=130  0\$aReviews in medical virology (Online)
=210  0\$aRev. med. virol.$b(Online)
=222  \0$aReviews in medical virology$b(Online)
=245  10$aReviews in medical virology$h[electronic resource].
=260  \\$aChichester, W. Sussex, England] ;$aNew York, NY :$bJohn Wiley & Sons.
=310  \\$aBimonthly,$b2000-
=321  \\$aQuarterly,$b1991-1999
=336  \\$atext$2rdacontent
=337  \\$acomputer$2rdamedia
=338  \\$aonline resource$2rdacarrier
=362  1\$aPrint began with vol. 1, issue 1 (May 1991).
=500  \\$aTitle from table of contents screen (Wiley InterScience, viewed: May 10, 2006).
=588  \\$aLatest issue consulted: Vol. 16, issue 2 (Mar./Apr. 2006); Wiley InterScience, viewed: May 10, 2006.
=530  \\$aAlso issued in print.
=538  \\$aMode of access: World Wide Web.
=540  \\$aCurrent copyright fee: GBP46.00$c35\0$5Uk
=650  \0$aMedical virology$vPeriodicals.
=650  \2$aReview Literature$vPeriodicals.
=650  \2$aVirus Diseases$vPeriodicals.
=650  \2$aViruses$vPeriodicals.
=776  18$iPrint version:$tReviews in medical virology$x1052-9276
=859  \\$aELD$bejournal
=856  \\$31850-9999$uhttp://onlinelibrary.wiley.com/$xBLDSS
=852  41$aBritish Library$bSTI$jELD Digital store$3Volume 23:Number 1(2013:Jan.)-***Previous issues available in print copy
=852  41$aBritish Library$bDSC$j7792.500000$3Volume 16:Issue 1(2006)-Volume 21:Issue 6(2011)***See ESTAR for full holdings.
=945  \\$aREVIEWS IN MEDICAL VIROLOGY.
=959  \\$fHeld but not currently received
=979  \\$aBritish Library$bDSC$j7792.500000
=CAT  \\$a8141$b40$c20051121$lBLL01$h1418
=CAT  \\$aBATCH-UPD$b40$c20101116$lBLL01$h1334
=CAT  \\$aIPL-CLA$c20101231$lBLL01$h1516
=CAT  \\$aCDS12-UPD$b40$c20120402$lBLL01$h1434
=CAT  \\$aWR12_168$c20121206$lBLL01$h1816
=CAT  \\$aWR13.005$c20130323$lBLL01$h1328
=CAT  \\$a8456$b40$c20130523$lBLL01$h0956
=CAT  \\$aBATCH-CLA$b00$c20130526$lBLL01$h1638
=CAT  \\$aWR13.114$c20130717$lBLL01$h1313
=CAT  \\$aBATCH-PORT$c20130829$lBLL01$h1114
=CAT  \\$aWR14_009$c20140204$lBLL01$h2342
=CAT  \\$aBLDSS-3PM$b00$c20141214$lBLL01$h1522
=CAT  \\$aBATCH-UPD$b00$c20150215$lBLL01$h1656
=CAT  \\$aIPL-CLA$c20150228$lBLL01$h2049
=CAT  \\$aBATCH-UPD$b00$c20160531$lBLL01$h1724
=CAT  \\$aW1711-1005$c20171206$lBLL01$h1817
=CAT  \\$aBATCH-UPD$b00$c20180219$lBLL01$h1747
=CAT  \\$aBATCH-UPD$b00$c20181121$lBLL01$h1622
=CAT  \\$aIPL-CLA$c20181231$lBLL01$h1543
=CAT  \\$aR1911-0245$c20191127$lBLL01$h0944
=CAT  \\$aR1911-0245$c20191127$lBLL01$h1045
=CAT  \\$aIPL-CLA$c20191231$lBLL01$h1936
=CAT  \\$a5410$b40$c20200311$lBLL01$h1345
=CAT  \\$aW2111-0842$c20211209$lBLL01$h1035
=CAT  \\$aIPL-CLA$c20211231$lBLL01$h1543
=CAT  \\$a5410$b40$c20221016$lBLL01$h1108
=CFI  0\$aCurrent copyright fee: GBP46.00$c35\0$e01-jan-2022$fGBP46.00$g0$hP$5Uk
=CFI  2\$aPrevious Copyright Fee: GBP39.00$c35\0$e01-jan-2020$fGBP39.00$g0$hP$5Uk
=EST  \\$a1
=FFP  \\$aY$bBLDSS-3PM
=FIN  \\$aY$d20051121
=MNI  \\$a1052-9276
=SID  \\$aZ39$bOCLC
=TCO  \\$aTRS$bCCC$c008
=TCO  \\$aCLA$bCLA$c008
=TOC  \\$aETOC
=UNO  \\$aY
=ACF  \\$aPrevious Copyright Fee: GBP17.00$c35\0$e01-apr-2005$fGBP17.00$g0$hP$5Uk
=ACF  \\$aPrevious copyright fee: GBP22.00$c35\0$e01-jan-2011$fGBP22.00$g0$hP$5Uk
=ACF  \\$aPrevious copyright fee: GBP24.00$c35\0$e01-mar-2015$fGBP24.00$g0$hP$5Uk
=ACF  \\$aPrevious copyright fee: GBP28.00$c35\0$e01-jan-2019$fGBP28.00$g0$hP$5Uk
=LAS  \\$a5410$b40$c20221016$lBLL01$h1108

