=LDR  04142cas a2201021 a 4500
=001  013341180
=003  Uk
=005  20221016110850.0
=006  m\\\\\o\\d\\\\\\\\
=007  cr\mnu||||||||
=008  010515c20029999enkbr1pso\\\\\0\\\a0eng\c
=FMT  \\$a  SE
=010  \\$a2001213176
=015  \\$aGBA597928$2bnb
=022  0\$a1535-1467$l1535-1459$y1535-1459$21
=037  \\$aISSN_15351459$bPortico$nWiley
=040  \\$aNSD$cNSD$dOCLCQ$dEYM$dDLC$dOCLCQ$dGUA$dOCLCQ$dOCL$dUk
=042  \\$aukblsr$ansdp
=050  10$aISSN RECORD
=050  14$aTC530
=082  04$a551.483$222
=130  0\$aRiver research and applications (Online)
=210  0\$aRiver res. appl.$b(Online)
=222  \0$aRiver research and applications$b(Online)
=245  10$aRiver research and applications$h[electronic resource].
=260  \\$aChichester, West Sussex, UK :$bJohn Wiley & Sons,$cc2002-
=310  \\$aBimonthly
=336  \\$atext$2rdacontent
=337  \\$acomputer$2rdamedia
=338  \\$aonline resource$2rdacarrier
=362  0\$aVol. 18, issue 1 (Jan./Feb. 2002)-
=500  \\$aTitle from contents screen (Wiley Interscience, viewed Jan. 15, 2004).
=500  \\$aLatest issue consulted: Vol. 20, issue 1 (Jan. 2004), viewed Jan. 15, 2004.
=530  \\$aAlso issued in print.
=538  \\$aMode of access: World Wide Web.
=540  \\$aCurrent copyright fee: GBP46.00$c35\0$5Uk
=650  \0$aRivers$xRegulation$vPeriodicals.
=650  \0$aRivers$vPeriodicals.
=776  1\$tRiver research and applications$x1535-1459
=780  00$tRegulated rivers (Online)$x1099-1646
=859  \\$aELD$bejournal
=856  \\$31850-9999$uhttp://onlinelibrary.wiley.com/$xBLDSS
=852  41$aBritish Library$bHMNTS$jELD Digital store$3Volume 29:Number 1(2013:Jan.)-***Previous issues available in print copy
=852  41$aBritish Library$bDSC$j7977.074300$3Volume 21:Issue 2/3(2005)-Volume 27:Issue 10(2011)***See ESTAR for full holdings.
=945  \\$aRIVER RESEARCH AND APPLICATIONS.
=959  \\$fHeld but not currently received
=979  \\$aBritish Library$bDSC$j7997.074300
=CAT  \\$a8141$b40$c20051121$lBLL01$h1434
=CAT  \\$aBATCH-UPD$b40$c20060901$lBLL01$h1030
=CAT  \\$aBATCH-UPD$b40$c20101116$lBLL01$h1334
=CAT  \\$aIPL-CLA$c20101231$lBLL01$h1516
=CAT  \\$aCDS12-UPD$b40$c20120402$lBLL01$h1434
=CAT  \\$aWR13.005$c20130323$lBLL01$h1328
=CAT  \\$a8874$b40$c20130520$lBLL01$h1114
=CAT  \\$aWR13.114$c20130717$lBLL01$h1313
=CAT  \\$aBATCH-PORT$c20130829$lBLL01$h1114
=CAT  \\$aWR14_009$c20140204$lBLL01$h2343
=CAT  \\$aWR14_140$c20140905$lBLL01$h1810
=CAT  \\$aBLDSS-3PM$b00$c20141214$lBLL01$h1522
=CAT  \\$aBATCH-UPD$b00$c20150215$lBLL01$h1656
=CAT  \\$aIPL-CLA$c20150228$lBLL01$h2049
=CAT  \\$aBATCH-UPD$b00$c20160531$lBLL01$h1719
=CAT  \\$aW1711-1005$c20171206$lBLL01$h1817
=CAT  \\$aBATCH-UPD$b00$c20180219$lBLL01$h1747
=CAT  \\$aBATCH-UPD$b00$c20181121$lBLL01$h1622
=CAT  \\$aIPL-CLA$c20181231$lBLL01$h1543
=CAT  \\$aR1911-0245$c20191127$lBLL01$h0944
=CAT  \\$aR1911-0245$c20191127$lBLL01$h1045
=CAT  \\$aIPL-CLA$c20191231$lBLL01$h1936
=CAT  \\$a5410$b40$c20200310$lBLL01$h1656
=CAT  \\$aW2111-0842$c20211209$lBLL01$h1035
=CAT  \\$aIPL-CLA$c20211231$lBLL01$h1543
=CAT  \\$a5410$b40$c20221016$lBLL01$h1108
=CFI  0\$aCurrent copyright fee: GBP46.00$c35\0$e01-jan-2022$fGBP46.00$g0$hP$5Uk
=CFI  2\$aPrevious Copyright Fee: GBP39.00$c35\0$e01-jan-2020$fGBP39.00$g0$hP$5Uk
=EST  \\$a1
=FFP  \\$aY$bBLDSS-3PM
=FIN  \\$aY$d20051121
=MNI  \\$a1535-1459
=SID  \\$aZ39$bOCLC
=TCO  \\$aCLA$bCLA$c008
=TOC  \\$aETOC
=UNO  \\$aY
=ACF  \\$aPrevious Copyright Fee: GBP17.00$c35\0$e01-apr-2005$fGBP17.00$g0$hP$5Uk
=ACF  \\$aPrevious copyright fee: GBP22.00$c35\0$e01-jan-2011$fGBP22.00$g0$hP$5Uk
=ACF  \\$aPrevious copyright fee: GBP24.00$c35\0$e01-mar-2015$fGBP24.00$g0$hP$5Uk
=ACF  \\$aPrevious copyright fee: GBP28.00$c35\0$e01-jan-2019$fGBP28.00$g0$hP$5Uk
=LAS  \\$a5410$b40$c20221016$lBLL01$h1108

