=LDR  04197cas a2201033 a 4500
=001  013341572
=003  Uk
=005  20191231193633.0
=006  m\\\\\\\\u\\\\\\\\
=007  cr\cnu\\\\\\\\
=008  971231c19739999enkmr1pss\\\\\0\\\a0eng\d
=FMT  \\$a  SE
=010  \\$asn 97001347
=015  \\$aGBA598143$2bnb
=022  0\$a1097-4555
=037  \\$bJournals Subscriptions Department, John Wiley & Sons, Inc., 1 Oldlands Way, Bognor Regis, West Sussex PO22 9SA, UK
=037  \\$aISSN_03770486$bPortico$nWiley
=040  \\$aNSD$cNSD$dOCL$dNSD$dOCLCQ$dOCL$dIUL$dUk
=042  \\$ansdp$aukblsr
=050  \4$aQC450$b.J7
=082  04$a535.846$222
=130  0\$aJournal of Raman spectroscopy (Online)
=210  0\$aJ. Raman spectrosc.$b(Online)
=222  \0$aJournal of Raman spectroscopy$b(Online)
=245  10$aJournal of Raman spectroscopy$h[electronic resource].
=246  13$aJRS
=260  \\$aChichester ;$aNew York, NY :$bJohn Wiley & Sons
=310  \\$aMonthly,$b1989-
=321  \\$aBimonthly,$b1973-1986
=321  \\$aBimonthly (with additional issues in June & Dec.),$b1987-1988
=336  \\$atext$2rdacontent
=337  \\$acomputer$2rdamedia
=338  \\$aonline resource$2rdacarrier
=362  0\$aVol. 1, issue 1 (Apr. 1973)-
=500  \\$aTitle from table of contents (viewed: Nov. 21, 2005).
=500  \\$aLatest issue consulted: Vol. 36, issue 11 (Nov. 2005); viewed: Nov. 21, 2005.
=530  \\$aAlso issued in print.
=538  \\$aMode of access: World Wide Web.
=540  \\$aCurrent Copyright Fee: GBP46.00$c35\0$5Uk
=650  \0$aRaman spectroscopy$vPeriodicals.
=710  2\$aWiley InterScience (Online service)
=776  1\$tJournal of Raman spectroscopy$x0377-0486
=859  \\$aELD$bejournal
=856  \\$31850-9999$uhttp://onlinelibrary.wiley.com/$xBLDSS
=852  41$aBritish Library$bSTI$jELD Digital store$3Volume 44:Number 1(2013:Jan.)-***Previous issues available in print copy
=852  41$aBritish Library$bDSC$j5045.600000$3Volume 1:Issue 1(1973)-Volume 45:Issue 11/12(2014)***See ESTAR for full holdings.
=945  \\$aJOURNAL OF RAMAN SPECTROSCOPY
=959  \\$fHeld but not currently received
=985  \\$aCONFERENCE ANALYTIC RECORDS EXIST
=CAT  \\$a7332$b40$c20051122$lBLL01$h0914
=CAT  \\$a7332$b40$c20051122$lBLL01$h1517
=CAT  \\$aBATCH-UPD$b40$c20060901$lBLL01$h0959
=CAT  \\$aBATCH-UPD$b40$c20060901$lBLL01$h1030
=CAT  \\$aBATCH-UPD$b40$c20101116$lBLL01$h1334
=CAT  \\$aIPL-CLA$c20101231$lBLL01$h1516
=CAT  \\$aWR12_168$c20121206$lBLL01$h1816
=CAT  \\$aWR13.005$c20130323$lBLL01$h1328
=CAT  \\$aWR13.114$c20130717$lBLL01$h1313
=CAT  \\$aBATCH-PORT$c20130829$lBLL01$h1114
=CAT  \\$aWR14_009$c20140204$lBLL01$h2343
=CAT  \\$a10934$b40$c20140714$lBLL01$h1640
=CAT  \\$aWR14_140$c20140905$lBLL01$h1810
=CAT  \\$aBLDSS-3PM$b00$c20141214$lBLL01$h1522
=CAT  \\$aBATCH-UPD$b00$c20150215$lBLL01$h1656
=CAT  \\$aIPL-CLA$c20150228$lBLL01$h2049
=CAT  \\$aCDS15-UPD$b40$c20150918$lBLL01$h1639
=CAT  \\$aBATCH-UPD$b40$c20160526$lBLL01$h1322
=CAT  \\$aW1711-1005$c20171206$lBLL01$h1817
=CAT  \\$aBATCH-UPD$b00$c20180219$lBLL01$h1747
=CAT  \\$aBATCH-UPD$b00$c20181121$lBLL01$h1622
=CAT  \\$aIPL-CLA$c20181231$lBLL01$h1543
=CAT  \\$aR1911-0245$c20191127$lBLL01$h1015
=CAT  \\$aR1911-0245$c20191127$lBLL01$h1031
=CAT  \\$aR1911-0245$c20191127$lBLL01$h1035
=CAT  \\$aIPL-CLA$c20191231$lBLL01$h1936
=CFI  0\$aCurrent Copyright Fee: GBP46.00$c35\0$e01-jan-2020$fGBP46.00$g0$hP$5Uk
=CFI  2\$aPrevious copyright fee: GBP28.00$c35\0$e01-jan-2019$fGBP28.00$g0$hP$5Uk
=EST  \\$a1
=FFP  \\$aY$bBLDSS-3PM
=FIN  \\$aY$d20051122
=MNI  \\$a0377-0486
=SID  \\$aZ39$bOCLC
=TCO  \\$aCLA$bCLA$c008
=TOC  \\$aETOC
=UNO  \\$aY
=ACF  \\$aPrevious Copyright Fee: GBP17.00$c35\0$e01-apr-2005$fGBP17.00$g0$hP$5Uk
=ACF  \\$aPrevious copyright fee: GBP22.00$c35\0$e01-jan-2011$fGBP22.00$g0$hP$5Uk
=ACF  \\$aPrevious copyright fee: GBP24.00$c35\0$e01-mar-2015$fGBP24.00$g0$hP$5Uk
=LAS  \\$aIPL-CLA$b00$c20191231$lBLL01$h1936

