=LDR  04100cas a2201021 a 4500
=001  013341896
=003  Uk
=005  20191231193634.0
=006  m\\\\\o\\d\\\\\\\\
=007  cr\mn|||||||||
=008  000518c19979999nyuqr1pso\\\\\0\\\a0eng\d
=FMT  \\$a  SE
=010  \\$a2001212349
=015  \\$aGBB350703$2bnb
=022  0\$a1099-1441$l1092-4604$y1092-4604$21
=037  \\$aISSN_10924604$bPortico$nWiley
=040  \\$aOH1$cOH1$dNSD$dEYM$dOCLCQ$dMYG$dOCLCQ$dOCL$dUk
=042  \\$ansdp$aukblsr
=050  14$aHD58.8$b.B8856
=082  04$a658.406$222
=130  0\$aKnowledge and process management (Online)
=210  0\$aKnowl. process manag.$b(Online)
=222  \0$aKnowledge and process management$b(Online)
=245  10$aKnowledge and process management$h[electronic resource].
=260  \\$aNew York :$bJ. Wiley,$cc1997-
=310  \\$aQuarterly
=336  \\$atext$2rdacontent
=337  \\$acomputer$2rdamedia
=338  \\$aonline resource$2rdacarrier
=362  0\$aVol. 4, issue 1 (Mar. 1997)-
=500  \\$aTitle from general information screen (viewed May 18, 2000).
=500  \\$aLatest issue consulted: Vol. 9, issue 3 (July/Sept. 2002).
=530  \\$aAlso issued in print.
=538  \\$aMode of access: World Wide Web.
=540  \\$aCurrent Copyright Fee: GBP32.00$c35\0$5Uk
=650  \0$aOrganizational change$vPeriodicals.
=650  \0$aIndustrial management$vPeriodicals.
=650  \0$aCorporate reorganizations$vPeriodicals.
=650  \0$aProduction management$vPeriodicals.
=690  7\$aManagement and Business Studies$2blcoll
=776  1\$tKnowledge and process management$x1092-4604
=859  \\$aELD$bejournal
=856  \\$31850-9999$uhttp://onlinelibrary.wiley.com/$xBLDSS
=852  41$aBritish Library$bDSC$j5100.439500$3Volume 13:Issue 1(2006)-Volume 18:Issue 4(2011)***See ESTAR for full holdings.
=852  41$aBritish Library$bHMNTS$jELD Digital store$3Volume 20:Number 1(2013:Jan./Mar.)-***Previous issues available in print copy
=945  \\$aKNOWLEDGE AND PROCESS MANAGEMENT
=959  \\$fHeld but not currently received
=CAT  \\$a7332$b40$c20051122$lBLL01$h1246
=CAT  \\$a7332$b40$c20051122$lBLL01$h1514
=CAT  \\$aBATCH-UPD$b40$c20060901$lBLL01$h0959
=CAT  \\$aBATCH-UPD$b40$c20060901$lBLL01$h1030
=CAT  \\$aBATCH$b00$c20090624$lBLL01$h1707
=CAT  \\$aBATCH-UPD$b00$c20101116$lBLL01$h1334
=CAT  \\$aIPL-CLA$c20101231$lBLL01$h1516
=CAT  \\$aCDS12-UPD$b40$c20120402$lBLL01$h1434
=CAT  \\$aWR12_168$c20121206$lBLL01$h1816
=CAT  \\$aWR13.005$c20130323$lBLL01$h1328
=CAT  \\$a8874$b40$c20130523$lBLL01$h1125
=CAT  \\$aBATCH-CLA$b00$c20130526$lBLL01$h1652
=CAT  \\$aWR13.114$c20130717$lBLL01$h1313
=CAT  \\$aBATCH-PORT$c20130829$lBLL01$h1114
=CAT  \\$aWR14_009$c20140204$lBLL01$h2342
=CAT  \\$aBLDSS-3PM$b00$c20141214$lBLL01$h1522
=CAT  \\$aBATCH-UPD$b00$c20150215$lBLL01$h1656
=CAT  \\$aIPL-CLA$c20150228$lBLL01$h2049
=CAT  \\$aBATCH-UPD$b00$c20160523$lBLL01$h0817
=CAT  \\$aW1711-1005$c20171206$lBLL01$h1817
=CAT  \\$aBATCH-UPD$b00$c20180219$lBLL01$h1747
=CAT  \\$aBATCH-UPD$b00$c20181121$lBLL01$h1622
=CAT  \\$aIPL-CLA$c20181231$lBLL01$h1543
=CAT  \\$aR1911-0245$c20191127$lBLL01$h0823
=CAT  \\$aR1911-0245$c20191127$lBLL01$h1045
=CAT  \\$aIPL-CLA$c20191231$lBLL01$h1936
=CFI  0\$aCurrent Copyright Fee: GBP32.00$c35\0$e01-jan-2020$fGBP32.00$g0$hP$5Uk
=CFI  2\$aPrevious copyright fee: GBP28.00$c35\0$e01-jan-2019$fGBP28.00$g0$hP$5Uk
=EST  \\$a1
=FFP  \\$aY$bBLDSS-3PM
=FIN  \\$aY$d20051122
=MNI  \\$a1092-4604
=SID  \\$aZ39$bOCLC
=TCO  \\$aTRS$bCCC$c008
=TCO  \\$aCLA$bCLA$c008
=TOC  \\$aETOC
=UNO  \\$aY
=ACF  \\$aPrevious Copyright Fee: GBP17.00$c35\0$e01-apr-2005$fGBP17.00$g0$hP$5Uk
=ACF  \\$aPrevious copyright fee: GBP22.00$c35\0$e01-jan-2011$fGBP22.00$g0$hP$5Uk
=ACF  \\$aPrevious copyright fee: GBP24.00$c35\0$e01-mar-2015$fGBP24.00$g0$hP$5Uk
=LAS  \\$aIPL-CLA$b00$c20191231$lBLL01$h1936

