=LDR  04023cas a2201033 a 4500
=001  013341975
=003  Uk
=005  20191231193634.0
=006  m\\\\\o\\d\\\\\\\\
=007  cr\mn|||||||||
=008  000518c19999999nyubr1pso\\\\\0\\\a0eng\d
=FMT  \\$a  SE
=010  \\$a2001212307
=015  \\$aGBB349094$2bnb
=022  0\$a1522-7243$y1522-7235
=037  \\$aISSN_15227235$bPortico$nWiley
=040  \\$aOH1$cOH1$dNSD$dEYM$dOCLCQ$dOCL$dUk
=042  \\$ansdp$aukblsr
=050  14$aQH641$b.J67
=082  04$a535.35$222
=130  0\$aLuminescence (Online)
=210  0\$aLuminescence$b(Online)
=222  \0$aLuminescence$b(Online)
=245  10$aLuminescence$h[electronic resource].
=260  \\$aNew York :$bJ. Wiley,$cc1999-
=310  \\$aBimonthly
=336  \\$atext$2rdacontent
=337  \\$acomputer$2rdamedia
=338  \\$aonline resource$2rdacarrier
=362  0\$aVol. 14, issue 1 (Jan./Feb. 1999)-
=500  \\$aTitle from general information screen (viewed May 18, 2000).
=500  \\$aLatest issue consulted: Vol. 16, issue 3 (May/June 2001).
=530  \\$aAlso issued in print.
=538  \\$aMode of access: World Wide Web.
=540  \\$aCurrent Copyright Fee: GBP32.00$c35\0$5Uk
=650  \0$aLuminescence$vPeriodicals.
=650  \0$aBioluminescence$vPeriodicals.
=650  \0$aChemiluminescence$vPeriodicals.
=650  12$aLuminescence$vPeriodicals.
=776  1\$tLuminescence$x1522-7235
=780  00$tJournal of bioluminescence and chemiluminescence (Online)$x1099-1271
=859  \\$aELD$bejournal
=856  \\$31850-9999$uhttp://onlinelibrary.wiley.com/$xBLDSS
=852  41$aBritish Library$bSTI$jELD Digital store$3Volume 28:Number 1(2013:Jan./Feb.)-***Previous issues available in print copy
=852  41$aBritish Library$bDSC$j5304.782850$3Volume 21:Issue 1(2006)-Volume 26:Issue 6(2011)***See ESTAR for full holdings.
=945  \\$aLUMINESCENCE -CHICHESTER-
=959  \\$fHeld but not currently received
=985  \\$aCONFERENCE ANALYTIC RECORDS EXIST
=CAT  \\$a7332$b40$c20051122$lBLL01$h1350
=CAT  \\$a7332$b40$c20051122$lBLL01$h1506
=CAT  \\$aBATCH-UPD$b40$c20060901$lBLL01$h0959
=CAT  \\$aBATCH-UPD$b40$c20060901$lBLL01$h1030
=CAT  \\$aBATCH-UPD$b40$c20101116$lBLL01$h1334
=CAT  \\$aIPL-CLA$c20101231$lBLL01$h1516
=CAT  \\$aCDS12-UPD$b40$c20120402$lBLL01$h1434
=CAT  \\$aWR12_168$c20121206$lBLL01$h1816
=CAT  \\$aWR13.005$c20130323$lBLL01$h1328
=CAT  \\$a8874$b40$c20130520$lBLL01$h1131
=CAT  \\$aBATCH-CLA$b00$c20130526$lBLL01$h1653
=CAT  \\$aWR13.114$c20130717$lBLL01$h1313
=CAT  \\$aBATCH-PORT$c20130829$lBLL01$h1114
=CAT  \\$aWR14_009$c20140204$lBLL01$h2343
=CAT  \\$a6162$b40$c20140227$lBLL01$h1424
=CAT  \\$aBLDSS-3PM$b00$c20141214$lBLL01$h1522
=CAT  \\$aBATCH-UPD$b00$c20150215$lBLL01$h1656
=CAT  \\$aIPL-CLA$c20150228$lBLL01$h2049
=CAT  \\$aBATCH-UPD$b00$c20160523$lBLL01$h0820
=CAT  \\$aW1711-1005$c20171206$lBLL01$h1817
=CAT  \\$aBATCH-UPD$b00$c20180219$lBLL01$h1747
=CAT  \\$aBATCH-UPD$b00$c20181121$lBLL01$h1622
=CAT  \\$aIPL-CLA$c20181231$lBLL01$h1543
=CAT  \\$aR1911-0245$c20191127$lBLL01$h0823
=CAT  \\$aR1911-0245$c20191127$lBLL01$h1045
=CAT  \\$aIPL-CLA$c20191231$lBLL01$h1936
=CFI  0\$aCurrent Copyright Fee: GBP32.00$c35\0$e01-jan-2020$fGBP32.00$g0$hP$5Uk
=CFI  2\$aPrevious copyright fee: GBP28.00$c35\0$e01-jan-2019$fGBP28.00$g0$hP$5Uk
=EST  \\$a1
=FFP  \\$aY$bBLDSS-3PM
=FIN  \\$aY$d20051122
=MNI  \\$a1522-7235
=SID  \\$aZ39$bOCLC
=TCO  \\$aTRS$bCCC$c008
=TCO  \\$aCLA$bCLA$c008
=TOC  \\$aETOC
=UNO  \\$aY
=ACF  \\$aPrevious Copyright Fee: GBP17.00$c35\0$e01-apr-2005$fGBP17.00$g0$hP$5Uk
=ACF  \\$aPrevious copyright fee: GBP22.00$c35\0$e01-jan-2011$fGBP22.00$g0$hP$5Uk
=ACF  \\$aPrevious copyright fee: GBP24.00$c35\0$e01-mar-2015$fGBP24.00$g0$hP$5Uk
=LAS  \\$aIPL-CLA$b00$c20191231$lBLL01$h1936

