=LDR  04334cas a2201069 a 4500
=001  013342034
=003  Uk
=005  20211231154317.0
=006  m\\\\\\\\d\\\\\\\\
=007  cr\mn|||||||||
=008  000518c19969999nyubr1pso\\\\\0\\\a0eng\d
=FMT  \\$a  SE
=010  \\$a2001212296
=015  \\$aGBB350509$2bnb
=022  \\$a1099-145X$y1085-3278
=037  \\$aISSN_10853278$bPortico$nWiley
=040  \\$aOH1$cOH1$dNSD$dEYM$dOCLCQ$dOCL$dUk
=042  \\$ansdp$aukblsr
=050  14$aS622$b.L36
=082  04$a333.7315$222
=130  0\$aLand degradation & development (Online)
=210  0\$aLand degrad. dev.$b(Online)
=222  \0$aLand degradation & development$b(Online)
=245  10$aLand degradation & development$h[electronic resource].
=246  3\$aLand degradation and development
=260  \\$aNew York :$bJ. Wiley
=310  \\$aBimonthly,$b1998-
=321  \\$aQuarterly,$b1997
=336  \\$atext$2rdacontent
=337  \\$acomputer$2rdamedia
=338  \\$aonline resource$2rdacarrier
=362  1\$aPrint began with vol. 7, no. 1 (Mar. 1996).
=500  \\$aDescription based on: Vol. 8, issue 1 (Mar. 1997); title from general information screen (viewed May 18, 2000).
=500  \\$aLatest issue consulted: Vol. 12, issue 2 (Mar./Apr. 2001).
=530  \\$aAlso issued in print.
=538  \\$aMode of access: World Wide Web.
=540  \\$aCurrent copyright fee: GBP46.00$c35\0$5Uk
=650  \0$aLand degradation$vPeriodicals.
=650  \0$aSoil conservation$vPeriodicals.
=650  \0$aReclamation of land$vPeriodicals.
=650  \0$aLand use$vPeriodicals.
=650  \0$aEconomic development$xEnvironmental aspects$vPeriodicals.
=776  1\$tLand degradation & development$x1085-3278
=859  \\$aELD$bejournal
=856  \\$31850-9999$uhttp://onlinelibrary.wiley.com/$xBLDSS
=852  41$aBritish Library$bSTI$jELD Digital store$3Volume 24:Number 1(2013:Jan./Feb.)-***Previous issues available in print copy
=852  41$aBritish Library$bDSC$j5146.796790$3Volume 17:Issue 1(2006)-Volume 25:Issue 6(2014)***See ESTAR for full holdings.
=945  \\$aLAND DEGRADATION AND DEVELOPMENT
=959  \\$fHeld but not currently received
=985  \\$aCONFERENCE ANALYTIC &RECORDS EXIST
=CAT  \\$a7332$b40$c20051122$lBLL01$h1417
=CAT  \\$aBATCH-UPD$b40$c20060901$lBLL01$h0959
=CAT  \\$aBATCH-UPD$b40$c20060901$lBLL01$h1030
=CAT  \\$aBATCH-UPD$b40$c20101116$lBLL01$h1334
=CAT  \\$aIPL-CLA$c20101231$lBLL01$h1516
=CAT  \\$aWR12_168$c20121206$lBLL01$h1816
=CAT  \\$a8456$b40$c20130522$lBLL01$h1404
=CAT  \\$aBATCH-CLA$b00$c20130526$lBLL01$h1652
=CAT  \\$aWR13.114$c20130717$lBLL01$h1313
=CAT  \\$aBATCH-PORT$c20130829$lBLL01$h1114
=CAT  \\$aWR14_009$c20140204$lBLL01$h2341
=CAT  \\$a10997$b40$c20140924$lBLL01$h0944
=CAT  \\$aBLDSS-3PM$b00$c20141214$lBLL01$h1522
=CAT  \\$aBATCH-UPD$b00$c20150215$lBLL01$h1656
=CAT  \\$aIPL-CLA$c20150228$lBLL01$h2049
=CAT  \\$aCDS15-UPD$b40$c20150918$lBLL01$h1639
=CAT  \\$aBATCH-UPD$b40$c20160519$lBLL01$h1458
=CAT  \\$aW1711-1005$c20171206$lBLL01$h1817
=CAT  \\$aBATCH-UPD$b00$c20180219$lBLL01$h1747
=CAT  \\$aBATCH-UPD$b00$c20181121$lBLL01$h1622
=CAT  \\$aIPL-CLA$c20181231$lBLL01$h1543
=CAT  \\$aR1911-0245$c20191127$lBLL01$h0944
=CAT  \\$aR1911-0245$c20191127$lBLL01$h1045
=CAT  \\$aIPL-CLA$c20191231$lBLL01$h1936
=CAT  \\$aW2111-0842$c20211209$lBLL01$h1035
=CAT  \\$aIPL-CLA$c20211231$lBLL01$h1543
=CFI  0\$aCurrent copyright fee: GBP46.00$c35\0$e01-jan-2022$fGBP46.00$g0$hP$5Uk
=CFI  2\$aPrevious Copyright Fee: GBP39.00$c35\0$e01-jan-2020$fGBP39.00$g0$hP$5Uk
=EST  \\$a1
=FFP  \\$aY$bBLDSS-3PM
=FIN  \\$aY$d20051122
=MNI  \\$a1085-3278
=SID  \\$aZ39$bOCLC
=TCO  \\$aTRS$bCCC$c008
=TCO  \\$aCLA$bCLA$c008
=TOC  \\$aETOC
=UNO  \\$aY
=ACF  \\$aPrevious Copyright Fee: GBP17.00$c35\0$e01-apr-2005$fGBP17.00$g0$hP$5Uk
=ACF  \\$aPrevious copyright fee: GBP22.00$c35\0$e01-jan-2011$fGBP22.00$g0$hP$5Uk
=ACF  \\$aPrevious copyright fee: GBP24.00$c35\0$e01-mar-2015$fGBP24.00$g0$hP$5Uk
=ACF  \\$aPrevious copyright fee: GBP28.00$c35\0$e01-jan-2019$fGBP28.00$g0$hP$5Uk
=LAS  \\$aIPL-CLA$b00$c20211231$lBLL01$h1543

