=LDR  04215cas a2201021 a 4500
=001  013342131
=003  Uk
=005  20221016110926.0
=006  m\\\\\\\\d\\\\\\\\
=007  cr\mn|||||||||
=008  000520c19929999nyuqr1pso\\\\\0\\\a0eng\d
=FMT  \\$a  SE
=010  \\$a2001212279
=015  \\$aGBB350561$2bnb
=022  0\$a1099-1689$y0960-0833
=037  \\$aISSN_09600833$bPortico$nWiley
=040  \\$aOH1$cOH1$dNSD$dEYM$dOCL$dOCLCQ$dOCL$dUk
=042  \\$ansdp$aukblsr
=050  14$aQA76.76.T48$bS65
=082  04$a005.14$222
=130  0\$aSoftware testing, verification & reliability (Online)
=210  0\$aSoftw. test. verif. reliab.$b(Online)
=222  \0$aSoftware testing, verification & reliability$b(Online)
=245  10$aSoftware testing, verification & reliability$h[electronic resource].
=246  3\$aSoftware testing, verification and reliability
=260  \\$aNew York :$bJ. Wiley
=310  \\$aQuarterly
=336  \\$atext$2rdacontent
=337  \\$acomputer$2rdamedia
=338  \\$aonline resource$2rdacarrier
=362  1\$aPrint began with vol. 2, no. 1 (May 1992).
=500  \\$aDescription based on: Vol. 7, issue 1 (Mar. 1997); title from general information screen (viewed May 20, 2000).
=500  \\$aLatest issue consulted: Vol. 11, issue 2 (June 2001).
=530  \\$aAlso issued in print.
=538  \\$aMode of access: World Wide Web.
=540  \\$aCurrent Copyright Fee: GBP39.00$c35\0$5Uk
=650  \0$aComputer software$xTesting$vPeriodicals.
=650  \0$aComputer software$xVerification$vPeriodicals.
=650  \0$aComputer software$xReliability$vPeriodicals.
=776  1\$tSoftware testing, verification and reliability$x0960-0833
=859  \\$aELD$bejournal
=856  \\$31850-9999$uhttp://onlinelibrary.wiley.com/$xBLDSS
=852  41$aBritish Library$bSTI$jELD Digital store$3Volume 23:Number 1(2013:Jan.)-***Previous issues available in print copy
=852  41$aBritish Library$bDSC$j8321.457500$3Volume 16:Issue 1(2006)-Volume 21:Issue 4(2011)***See ESTAR for full holdings.
=945  \\$aSOFTWARE TESTING VERIFICATION AND RELIABILITY.
=959  \\$fHeld but not currently received
=979  \\$aBritish Library$bDSC$j8321.457500
=CAT  \\$a8141$b40$c20051122$lBLL01$h1508
=CAT  \\$aBATCH-UPD$b40$c20060901$lBLL01$h0959
=CAT  \\$aBATCH-UPD$b40$c20060901$lBLL01$h1030
=CAT  \\$aBATCH-UPD$b40$c20101116$lBLL01$h1334
=CAT  \\$aIPL-CLA$c20101231$lBLL01$h1516
=CAT  \\$aCDS12-UPD$b40$c20120402$lBLL01$h1434
=CAT  \\$aWR12_168$c20121206$lBLL01$h1816
=CAT  \\$aWR13.005$c20130323$lBLL01$h1328
=CAT  \\$a8456$b40$c20130522$lBLL01$h1542
=CAT  \\$aBATCH-CLA$b00$c20130526$lBLL01$h1619
=CAT  \\$aWR13.114$c20130717$lBLL01$h1313
=CAT  \\$aBATCH-PORT$c20130829$lBLL01$h1114
=CAT  \\$aWR14_009$c20140204$lBLL01$h2343
=CAT  \\$aBLDSS-3PM$b00$c20141214$lBLL01$h1522
=CAT  \\$aBATCH-UPD$b00$c20150215$lBLL01$h1656
=CAT  \\$aIPL-CLA$c20150228$lBLL01$h2049
=CAT  \\$aBATCH-UPD$b00$c20160526$lBLL01$h1909
=CAT  \\$aW1711-1005$c20171206$lBLL01$h1817
=CAT  \\$aBATCH-UPD$b00$c20180219$lBLL01$h1747
=CAT  \\$aBATCH-UPD$b00$c20181121$lBLL01$h1622
=CAT  \\$aIPL-CLA$c20181231$lBLL01$h1543
=CAT  \\$aR1911-0245$c20191127$lBLL01$h0944
=CAT  \\$aR1911-0245$c20191127$lBLL01$h1045
=CAT  \\$aIPL-CLA$c20191231$lBLL01$h1936
=CAT  \\$a5410$b40$c20200226$lBLL01$h1129
=CAT  \\$a5410$b40$c20221016$lBLL01$h1109
=CFI  0\$aCurrent Copyright Fee: GBP39.00$c35\0$e01-jan-2020$fGBP39.00$g0$hP$5Uk
=CFI  2\$aPrevious copyright fee: GBP28.00$c35\0$e01-jan-2019$fGBP28.00$g0$hP$5Uk
=EST  \\$a1
=FFP  \\$aY$bBLDSS-3PM
=FIN  \\$aY$d20051122
=MNI  \\$a0960-0833
=SID  \\$aZ39$bOCLC
=TCO  \\$aTRS$bCCC$c008
=TCO  \\$aCLA$bCLA$c008
=TOC  \\$aETOC
=UNO  \\$aY
=ACF  \\$aPrevious Copyright Fee: GBP17.00$c35\0$e01-apr-2005$fGBP17.00$g0$hP$5Uk
=ACF  \\$aPrevious copyright fee: GBP22.00$c35\0$e01-jan-2011$fGBP22.00$g0$hP$5Uk
=ACF  \\$aPrevious copyright fee: GBP24.00$c35\0$e01-mar-2015$fGBP24.00$g0$hP$5Uk
=LAS  \\$a5410$b40$c20221016$lBLL01$h1109

