=LDR  04292cas a2201057 a 4500
=001  013342160
=003  Uk
=005  20211231154317.0
=006  m\\\\\o\\d\\\\\\\\
=007  cr\mnu||||||||
=008  971231c19859999enkmn1pso\\\\\0\\\a0eng\d
=FMT  \\$a  SE
=010  \\$asn 97001345
=015  \\$aGBA598241$2bnb
=022  0\$a1097-458X
=037  \\$aISSN_07491581$bPortico$nWiley
=040  \\$aNSD$cNSD$dEYM$dIUL$dNSD$dOCLCQ$dGUA$dOCLCQ$dIUL$dUk
=042  \\$ansdp$aukblsr
=050  14$aQD476
=082  04$a538.36$222
=130  0\$aMagnetic resonance in chemistry (Online)
=210  0\$aMagn. reson. chem.$b(Online)
=222  \0$aMagnetic resonance in chemistry$b(Online)
=245  10$aMagnetic resonance in chemistry$h[electronic resource].
=246  13$aMRC
=260  \\$aChichester :$bWiley Heyden,$cc1985-
=310  \\$aMonthly, plus 1 special issue,$b1995-
=321  \\$aMonthly,$b1985-1994
=336  \\$atext$2rdacontent
=337  \\$acomputer$2rdamedia
=338  \\$aonline resource$2rdacarrier
=362  0\$aVol. 23, issue 1 (Jan. 1985)-
=500  \\$aTitle from contents screen (viewed: Nov. 18, 2005).
=500  \\$aPublished: Chichester : John Wiley & Sons, Ltd., <2005->
=500  \\$aLatest issue consulted: Vol. 43, issue 11 (Nov. 2005); viewed: Nov. 18, 2005.
=515  \\$aHas special issues with distinctive titles.
=530  \\$aAlso issued in print.
=538  \\$aMode of access: World Wide Web.
=540  \\$aCurrent copyright fee: GBP46.00$c35\0$5Uk
=650  \0$aNuclear magnetic resonance spectroscopy$vPeriodicals.
=650  \0$aChemistry, Organic$vPeriodicals.
=650  \0$aMagnetic resonance$vPeriodicals.
=776  1\$tMagnetic resonance in chemistry$x0749-1581
=780  00$tOMR. Organic magnetic resonance
=859  \\$aELD$bejournal
=856  \\$31850-9999$uhttp://onlinelibrary.wiley.com/$xBLDSS
=852  41$aBritish Library$bSTI$jELD Digital store$3Volume 51:Number 1(2013:Jan.)-***Previous issues available in print copy
=852  41$aBritish Library$bDSC$j5337.790000$3Volume 44:Issue 1(2006)-Volume 52:Issue 12(2014)***See ESTAR for full holdings.
=945  \\$aMAGNETIC RESONANCE IN CHEMISTRY
=959  \\$fHeld but not currently received
=CAT  \\$a7332$b40$c20051122$lBLL01$h1530
=CAT  \\$aBATCH-UPD$b40$c20060901$lBLL01$h0959
=CAT  \\$aBATCH-UPD$b40$c20060901$lBLL01$h1030
=CAT  \\$aBATCH-UPD$b40$c20101116$lBLL01$h1334
=CAT  \\$aIPL-CLA$c20101231$lBLL01$h1516
=CAT  \\$aWR12_168$c20121206$lBLL01$h1816
=CAT  \\$aWR13.005$c20130323$lBLL01$h1328
=CAT  \\$a8874$b40$c20130517$lBLL01$h1056
=CAT  \\$aWR13.114$c20130717$lBLL01$h1313
=CAT  \\$aBATCH-PORT$c20130829$lBLL01$h1114
=CAT  \\$aWR14_009$c20140204$lBLL01$h2343
=CAT  \\$aWR14_140$c20140905$lBLL01$h1810
=CAT  \\$aBLDSS-3PM$b00$c20141214$lBLL01$h1522
=CAT  \\$aBATCH-UPD$b00$c20150215$lBLL01$h1656
=CAT  \\$aIPL-CLA$c20150228$lBLL01$h2049
=CAT  \\$aCDS15-UPD$b40$c20150918$lBLL01$h1639
=CAT  \\$aBATCH-UPD$b40$c20160519$lBLL01$h1719
=CAT  \\$aW1711-1005$c20171206$lBLL01$h1817
=CAT  \\$aBATCH-UPD$b00$c20180219$lBLL01$h1747
=CAT  \\$aBATCH-UPD$b00$c20181121$lBLL01$h1622
=CAT  \\$aIPL-CLA$c20181231$lBLL01$h1543
=CAT  \\$aR1911-0245$c20191127$lBLL01$h0945
=CAT  \\$aR1911-0245$c20191127$lBLL01$h1045
=CAT  \\$aIPL-CLA$c20191231$lBLL01$h1936
=CAT  \\$aW2111-0842$c20211209$lBLL01$h1035
=CAT  \\$aIPL-CLA$c20211231$lBLL01$h1543
=CFI  0\$aCurrent copyright fee: GBP46.00$c35\0$e01-jan-2022$fGBP46.00$g0$hP$5Uk
=CFI  2\$aPrevious Copyright Fee: GBP39.00$c35\0$e01-jan-2020$fGBP39.00$g0$hP$5Uk
=EST  \\$a1
=FFP  \\$aY$bBLDSS-3PM
=FIN  \\$aY$d20051122
=MNI  \\$a0749-1581
=SID  \\$aZ39$bOCLC
=TCO  \\$aCLA$bCLA$c008
=TOC  \\$aETOC
=UNO  \\$aY
=ACF  \\$aPrevious Copyright Fee: GBP17.00$c35\0$e01-apr-2005$fGBP17.00$g0$hP$5Uk
=ACF  \\$aPrevious copyright fee: GBP22.00$c35\0$e01-jan-2011$fGBP22.00$g0$hP$5Uk
=ACF  \\$aPrevious copyright fee: GBP24.00$c35\0$e01-mar-2015$fGBP24.00$g0$hP$5Uk
=ACF  \\$aPrevious copyright fee: GBP28.00$c35\0$e01-jan-2019$fGBP28.00$g0$hP$5Uk
=LAS  \\$aIPL-CLA$b00$c20211231$lBLL01$h1543

