=LDR  04161cas a2201033 a 4500
=001  013342165
=003  Uk
=005  20221211133158.0
=006  m\\\\\\\\d\\\\\\\\
=007  cr\cn|||||||||
=008  980108c19979999nyusx1pso\\\\\0\\\a0eng\d
=FMT  \\$a  SE
=010  \\$asn 97001406
=015  \\$aGBB350565$2bnb
=022  0\$a1097-0258$y0277-6715
=037  \\$aISSN_02776715$bPortico$nWiley
=040  \\$aNSD$cNSD$dOCL$dNSD$dOCLCQ$dMYG$dOCLCQ$dMUQ$dUk
=042  \\$ansdp$aukblsr
=050  14$aRA409
=082  04$a610.727$222
=130  0\$aStatistics in medicine (Online)
=210  0\$aStat. med.$b(Online)
=222  \0$aStatistics in medicine$b(Online)
=245  10$aStatistics in medicine$h[electronic resource].
=260  \\$aNew York, NY :$bJohn Wiley & Sons
=310  \\$aTwenty four no. a year
=336  \\$atext$2rdacontent
=337  \\$acomputer$2rdamedia
=338  \\$aonline resource$2rdacarrier
=362  1\$aCoverage as of Aug. 22, 2002: Vol. 16, issue 1 (15 Jan. 1997)-
=500  \\$aDescription based on: Vol. 19, issue 23 (2000); title from table of contents (viewed Dec. 8, 2000).
=500  \\$aLatest issue consulted: Vol. 21, issue 17 (15 Sept. 2002).
=530  \\$aAlso issued in print.
=538  \\$aMode of access: World Wide Web.
=540  \\$aCurrent copyright fee: GBP46.00$c35\0$5Uk
=650  \0$aMedical statistics$vPeriodicals.
=650  \6$aStatistique médicale$xPériodiques.
=650  \6$aStatistiques médicales$vPériodiques.
=776  1\$tStatistics in medicine$x0277-6715
=859  \\$aELD$bejournal
=856  \\$31850-9999$uhttp://onlinelibrary.wiley.com/$xBLDSS
=852  41$aBritish Library$bDSC$j8453.576000$3Volume 23:Issue 4(2004)-Volume 37:Issue 8(2018)***See ESTAR for full holdings.
=852  41$aBritish Library$bSTI$jELD Digital store$3Volume 32:Number 1(2013)-***Previous issues available in print copy
=945  \\$aSTATISTICS IN MEDICINE.
=959  \\$fHeld but not currently received
=979  \\$aBritish Library$bDSC$j8453.576000
=985  \\$aCONFERENCE ANALYTIC RECORDS EXIST
=CAT  \\$a8141$b40$c20051122$lBLL01$h1534
=CAT  \\$aBATCH-UPD$b40$c20101116$lBLL01$h1334
=CAT  \\$aIPL-CLA$c20101231$lBLL01$h1516
=CAT  \\$aWR12_168$c20121206$lBLL01$h1816
=CAT  \\$aWR13.005$c20130323$lBLL01$h1328
=CAT  \\$a8456$b40$c20130522$lBLL01$h1547
=CAT  \\$aBATCH-CLA$b00$c20130526$lBLL01$h1618
=CAT  \\$aWR13.114$c20130717$lBLL01$h1313
=CAT  \\$aBATCH-PORT$c20130829$lBLL01$h1114
=CAT  \\$a8342$b40$c20131209$lBLL01$h1131
=CAT  \\$aWR14_009$c20140204$lBLL01$h2343
=CAT  \\$aBLDSS-3PM$b00$c20141214$lBLL01$h1522
=CAT  \\$aBATCH-UPD$b00$c20150215$lBLL01$h1656
=CAT  \\$aIPL-CLA$c20150228$lBLL01$h2049
=CAT  \\$aBATCH-UPD$b00$c20160519$lBLL01$h1809
=CAT  \\$aW1711-1005$c20171206$lBLL01$h1817
=CAT  \\$aBATCH-UPD$b00$c20180219$lBLL01$h1747
=CAT  \\$aW1805-0471$c20180520$lBLL01$h1139
=CAT  \\$aBATCH-UPD$b00$c20181121$lBLL01$h1622
=CAT  \\$aIPL-CLA$c20181231$lBLL01$h1543
=CAT  \\$aR1911-0245$c20191127$lBLL01$h0944
=CAT  \\$aR1911-0245$c20191127$lBLL01$h1045
=CAT  \\$aIPL-CLA$c20191231$lBLL01$h1936
=CAT  \\$aW2111-0842$c20211209$lBLL01$h1035
=CAT  \\$aIPL-CLA$c20211231$lBLL01$h1543
=CAT  \\$a5410$b40$c20221211$lBLL01$h1331
=CFI  0\$aCurrent copyright fee: GBP46.00$c35\0$e01-jan-2022$fGBP46.00$g0$hP$5Uk
=CFI  2\$aPrevious Copyright Fee: GBP39.00$c35\0$e01-jan-2020$fGBP39.00$g0$hP$5Uk
=EST  \\$a1
=FFP  \\$aY$bBLDSS-3PM
=FIN  \\$aY$d20051122
=MNI  \\$a0277-6715
=SID  \\$aZ39$bOCLC
=TCO  \\$aTRS$bCCC$c008
=TCO  \\$aCLA$bCLA$c008
=TOC  \\$aETOC
=UNO  \\$aY
=ACF  \\$aPrevious Copyright Fee: GBP17.00$c35\0$e01-apr-2005$fGBP17.00$g0$hP$5Uk
=ACF  \\$aPrevious copyright fee: GBP22.00$c35\0$e01-jan-2011$fGBP22.00$g0$hP$5Uk
=ACF  \\$aPrevious copyright fee: GBP24.00$c35\0$e01-mar-2015$fGBP24.00$g0$hP$5Uk
=ACF  \\$aPrevious copyright fee: GBP28.00$c35\0$e01-jan-2019$fGBP28.00$g0$hP$5Uk
=LAS  \\$a5410$b40$c20221211$lBLL01$h1331

