=LDR  04072cas a2200961 a 4500
=001  013342195
=003  Uk
=005  20211118150504.0
=006  m\\\\\\\\d\\\\\\\\
=007  cr\|||||||||||
=008  991123d19952015gw\bx\pss\\\\\0\\\a0eng\d
=FMT  \\$a  SE
=010  \\$a2001227291
=015  \\$aGBB440674$2bnb
=022  \\$a1521-3862$y0948-1907
=037  \\$aISSN_09481907$bPortico$nWiley
=040  \\$aEXW$cEXW$dOCL$dEYM$dOCLCQ$dUk
=042  \\$aukblsr
=050  14$aTA401$b.A29 subser
=082  04$a671.735$222
=130  0\$aChemical vapor deposition (Online)
=222  \0$aChemical vapor deposition$b(Internet)
=245  10$aChemical vapor deposition$h[electronic resource] :$bCVD.
=246  30$aCVD
=260  \\$aWeinheim, Germany :$bWiley-VCH Verlag
=310  \\$aSix no. a year
=336  \\$atext$2rdacontent
=337  \\$acomputer$2rdamedia
=338  \\$aonline resource$2rdacarrier
=362  1\$aPrint began with 95/1 (July 1995).
=500  \\$aDescription based on: Vol. 04, issue 01 (Jan. 1998); title from title information screen (viewed Nov. 23, 1999).
=500  \\$aLatest issue consulted: volume 20, issue 1-2-3 (March 2014) (Wiley Online Library, April 14, 2014).
=538  \\$aMode of access: World Wide Web.
=580  \\$aPrint edition issued as separately numbered and separately paged section of: Advanced materials (Deerfield Beach, Fla.).
=540  \\$aCurrent copyright fee: GBP32.00$c35\0$5Uk
=650  \0$aChemical vapor deposition$vPeriodicals.
=710  2\$aWiley InterScience (Online service)
=776  08$iAlso issued in print as:$tChemical vapor deposition$x0948-1907
=787  1\$tAdvanced materials (Deerfield Beach, Fla.)$x0935-9648
=859  \\$aELD$bejournal
=856  \\$31850-9999$uhttp://onlinelibrary.wiley.com/$xBLDSS
=852  41$aBritish Library$bDSC$j3152.800000$3Volume 12:Issue 1(2006)-Volume 20:Issue 10/12(2014)***See ESTAR for full holdings.
=852  41$aBritish Library$bSTI$jELD Digital store$3Volume 19:Issue 1/3(2013:Mar.)-Volume 21:Issue 10/12(2015:Dec.)***Previous issues available in print copy
=945  \\$aChemical vapor deposition -Weinheim-
=959  \\$fHeld but not currently received
=CAT  \\$a11281$b40$c20051122$lBLL01$h1548
=CAT  \\$a11281$b40$c20051122$lBLL01$h1555
=CAT  \\$a11281$b40$c20051122$lBLL01$h1557
=CAT  \\$aBATCH-UPD$b40$c20060901$lBLL01$h0959
=CAT  \\$aBATCH-UPD$b40$c20060901$lBLL01$h1030
=CAT  \\$a8291$b40$c20061215$lBLL01$h1622
=CAT  \\$aBATCH-UPD$b40$c20101116$lBLL01$h1334
=CAT  \\$aIPL-CLA$c20101231$lBLL01$h1516
=CAT  \\$aWR12_168$c20121206$lBLL01$h1816
=CAT  \\$aWR13.005$c20130323$lBLL01$h1328
=CAT  \\$a8411$b40$c20140404$lBLL01$h1054
=CAT  \\$a5997$b40$c20140414$lBLL01$h1449
=CAT  \\$aBLDSS-3PM$b00$c20141214$lBLL01$h1522
=CAT  \\$aBATCH-UPD$b00$c20150215$lBLL01$h1656
=CAT  \\$aIPL-CLA$c20150228$lBLL01$h2049
=CAT  \\$aCDS15-UPD$b40$c20150918$lBLL01$h1639
=CAT  \\$aBATCH-UPD$b40$c20161006$lBLL01$h1357
=CAT  \\$aW1711-1005$c20171206$lBLL01$h1817
=CAT  \\$aBATCH-UPD$b00$c20180219$lBLL01$h1747
=CAT  \\$aBATCH-UPD$b00$c20181121$lBLL01$h1622
=CAT  \\$aIPL-CLA$c20181231$lBLL01$h1543
=CAT  \\$aBATCH-UPD$b00$c20200219$lBLL01$h1541
=CAT  \\$aIPL-CLA$c20200331$lBLL01$h1615
=CAT  \\$a7764$b40$c20211118$lBLL01$h1505
=CFI  0\$aCurrent copyright fee: GBP32.00$c35\0$e01-apr-2020$fGBP32.00$g0$hP$5Uk
=CFI  2\$aPrevious copyright fee: GBP28.00$c35\0$e01-jan-2019$fGBP28.00$g0$hP$5Uk
=EST  \\$a1
=FFP  \\$aY$bBLDSS-3PM
=FIN  \\$aY$d20051122
=MNI  \\$a0948-1907
=SID  \\$aZ39$bOCLC
=TCO  \\$aDEU$bVG WORT$c008
=TOC  \\$aETOC
=UNO  \\$aY
=ACF  \\$aPrevious Copyright Fee: GBP17.00$c35\0$e01-apr-2005$fGBP17.00$g0$hP$5Uk
=ACF  \\$aPrevious copyright fee: GBP22.00$c35\0$e01-jan-2011$fGBP22.00$g0$hP$5Uk
=ACF  \\$aPrevious copyright fee: GBP24.00$c35\0$e01-mar-2015$fGBP24.00$g0$hP$5Uk
=LAS  \\$a7764$b40$c20211118$lBLL01$h1505

