=LDR  04131cas a2201033 a 4500
=001  013342206
=003  Uk
=005  20221016111006.0
=006  m\\\\\o\\d\\\\\\\\
=007  cr\mn|||||||||
=008  000520c19969999nyubx1pso\\\\\0\\\a0eng\d
=FMT  \\$a  SE
=010  \\$a2001212278
=015  \\$aGBB349020$2bnb
=022  0\$a1099-1697$l1086-1718$y1086-1718$21
=037  \\$aISSN_10861718$bPortico$nWiley
=040  \\$aOH1$cOH1$dNSD$dEYM$dOCL$dOCLCQ$dOCL$dUk
=042  \\$ansdp$aukblsr
=050  14$aHD58.8$b.J684
=082  04$a658.401205$222
=130  0\$aStrategic change (Online)
=210  0\$aStrat. change$b(Online)
=222  \0$aStrategic change$b(Online)
=245  10$aStrategic change$h[electronic resource].
=260  \\$aNew York :$bJ. Wiley
=310  \\$aEight no. a year
=336  \\$atext$2rdacontent
=337  \\$acomputer$2rdamedia
=338  \\$aonline resource$2rdacarrier
=362  1\$aPrint began with vol. 5, no. 1 (Jan.-Feb. 1996).
=500  \\$aDescription based on: Vol. 6, issue 1 (Jan. 1997); title from general information screen (viewed May 20, 2000).
=500  \\$aLatest issue consulted: Vol. 10, issue 3 (May 2001).
=530  \\$aAlso issued in print.
=538  \\$aMode of access: World Wide Web.
=540  \\$aCurrent copyright fee: GBP39.00$c35\0$5Uk
=650  \0$aOrganizational change$vPeriodicals.
=650  \0$aStrategic planning$vPeriodicals.
=690  7\$aManagement and Business Studies$2blcoll
=710  2\$aWiley InterScience (Online service)
=776  1\$tStrategic change$x1086-1718
=859  \\$aELD$bejournal
=856  \\$31850-9999$uhttp://onlinelibrary.wiley.com/$xBLDSS
=852  41$aBritish Library$bHMNTS$jELD Digital store$3Volume 22:Number 1/2(2013)-***Previous issues available in print copy
=852  41$aBritish Library$bDSC$j8474.031423$3Volume 15:Issue 1(2006)-Volume 23:Issue 7/8(2014)***See ESTAR for full holdings.
=945  \\$aSTRATEGIC CHANGE.
=959  \\$fHeld but not currently received
=979  \\$aBritish Library$bDSC$j8474.031423
=CAT  \\$a8141$b40$c20051122$lBLL01$h1555
=CAT  \\$aBATCH-UPD$b00$c20101116$lBLL01$h1334
=CAT  \\$aIPL-CLA$c20101231$lBLL01$h1516
=CAT  \\$aWR12_168$c20121206$lBLL01$h1816
=CAT  \\$aWR13.005$c20130323$lBLL01$h1328
=CAT  \\$a8874$b40$c20130520$lBLL01$h0832
=CAT  \\$aBATCH-CLA$b00$c20130526$lBLL01$h1650
=CAT  \\$aWR13.114$c20130717$lBLL01$h1313
=CAT  \\$aBATCH-PORT$c20130829$lBLL01$h1114
=CAT  \\$aWR14_009$c20140204$lBLL01$h2342
=CAT  \\$aBLDSS-3PM$b00$c20141214$lBLL01$h1522
=CAT  \\$aBATCH-UPD$b00$c20150215$lBLL01$h1656
=CAT  \\$aIPL-CLA$c20150228$lBLL01$h2049
=CAT  \\$aCDS15-UPD$b40$c20150918$lBLL01$h1639
=CAT  \\$aBATCH-UPD$b40$c20160531$lBLL01$h0908
=CAT  \\$aW1711-1005$c20171206$lBLL01$h1817
=CAT  \\$aBATCH-UPD$b00$c20180219$lBLL01$h1747
=CAT  \\$aBATCH-UPD$b00$c20181121$lBLL01$h1622
=CAT  \\$aIPL-CLA$c20181231$lBLL01$h1543
=CAT  \\$aR1911-0245$c20191127$lBLL01$h0823
=CAT  \\$aR1911-0245$c20191127$lBLL01$h1045
=CAT  \\$aIPL-CLA$c20191231$lBLL01$h1936
=CAT  \\$a5410$b40$c20200218$lBLL01$h0856
=CAT  \\$aW2111-0842$c20211208$lBLL01$h1942
=CAT  \\$aIPL-CLA$c20211231$lBLL01$h1543
=CAT  \\$a5410$b40$c20221016$lBLL01$h1110
=CFI  0\$aCurrent copyright fee: GBP39.00$c35\0$e01-jan-2022$fGBP39.00$g0$hP$5Uk
=CFI  2\$aPrevious Copyright Fee: GBP32.00$c35\0$e01-jan-2020$fGBP32.00$g0$hP$5Uk
=EST  \\$a1
=FFP  \\$aY$bBLDSS-3PM
=FIN  \\$aY$d20051122
=MNI  \\$a1086-1718
=SID  \\$aZ39$bOCLC
=TCO  \\$aTRS$bCCC$c008
=TCO  \\$aCLA$bCLA$c008
=TOC  \\$aETOC
=UNO  \\$aY
=ACF  \\$aPrevious Copyright Fee: GBP17.00$c35\0$e01-apr-2005$fGBP17.00$g0$hP$5Uk
=ACF  \\$aPrevious copyright fee: GBP22.00$c35\0$e01-jan-2011$fGBP22.00$g0$hP$5Uk
=ACF  \\$aPrevious copyright fee: GBP24.00$c35\0$e01-mar-2015$fGBP24.00$g0$hP$5Uk
=ACF  \\$aPrevious copyright fee: GBP28.00$c35\0$e01-jan-2019$fGBP28.00$g0$hP$5Uk
=LAS  \\$a5410$b40$c20221016$lBLL01$h1110

