=LDR  04302cas a2201045 a 4500
=001  013342238
=003  Uk
=005  20230507172806.0
=006  m\\\\\o\\d\\\\\\\\
=007  cr\mn|||||||||
=008  980108c19809999njumx\pso\\\\\0\\\a0eng\d
=FMT  \\$a  SE
=010  \\$asn 97001403$z2001227347
=015  \\$aGBB348981$2bnb
=022  0\$a1097-0266$l0143-2095$y0143-2095$21
=037  \\$aISSN_01432095$bPortico$nWiley
=040  \\$aNSD$cNSD$dOCL$dIUL$dNSD$dEYM$dOCLCQ$dGUA$dOCLCQ$dUk
=042  \\$ansdp$aukblsr
=050  14$aHD30.28
=082  04$a658.401205$222
=130  0\$aStrategic management journal (Online)
=210  0\$aStrateg. manag. j.$b(Online)
=222  \0$aStrategic management journal$b(Online)
=245  10$aStrategic management journal$h[electronic resource].
=260  \\$aHoboken, NJ :$bJohn Wiley & Sons
=310  \\$aThirteen issues a year,$b2002-
=321  \\$aTwelve no. a year,$b<1997>-2001
=336  \\$atext$2rdacontent
=337  \\$acomputer$2rdamedia
=338  \\$aonline resource$2rdacarrier
=362  1\$aPrint began with vol. 1, no. 1 (Jan.-Mar. 1980).
=500  \\$aDescription based on: Vol. 18, issue 1 (Jan. 1997); title from contents screen (InterScience, viewed June 1, 2004).
=500  \\$aLatest issue consulted: Vol. 25, issue 7 (July 2004), viewed June 1, 2004.
=515  \\$aSome issues combined.
=515  \\$aHas occasional special issues internumbered with regular issues.
=538  \\$aMode of access: World Wide Web.
=540  \\$aCurrent Copyright Fee: GBP39.00$c35\0$5Uk
=650  \0$aBusiness planning$vPeriodicals.
=650  \0$aManagement$vPeriodicals.
=650  \0$aBusiness$vPeriodicals.
=690  7\$aManagement and Business Studies$2blcoll
=776  08$iPrint version:$tStrategic management journal$x0143-2095
=859  \\$aELD$bejournal
=856  \\$31850-9999$uhttp://onlinelibrary.wiley.com/$xBLDSS
=852  41$aBritish Library$bHMNTS$jELD Digital store$3Volume 34:Number 1(2013:Jan.)-***Previous issues available in print copy
=852  41$aBritish Library$bDSC$j8474.031460$3Volume 14:Issue 1(1993)-Volume 39:Issue 4(2018)***See ESTAR for full holdings.
=945  \\$aSTRATEGIC MANAGEMENT JOURNAL.
=959  \\$fHeld but not currently received
=979  \\$aBritish Library$bDSC$j8474.031460
=CAT  \\$a8141$b40$c20051122$lBLL01$h1613
=CAT  \\$aBATCH-UPD$b40$c20060901$lBLL01$h1030
=CAT  \\$aBATCH$b00$c20090624$lBLL01$h1707
=CAT  \\$aBATCH-UPD$b00$c20101116$lBLL01$h1334
=CAT  \\$aIPL-CLA$c20101231$lBLL01$h1516
=CAT  \\$aWR12_168$c20121206$lBLL01$h1816
=CAT  \\$aWR13.005$c20130323$lBLL01$h1328
=CAT  \\$a8874$b40$c20130517$lBLL01$h1430
=CAT  \\$a8874$b40$c20130517$lBLL01$h1431
=CAT  \\$aBATCH-CLA$b00$c20130526$lBLL01$h1651
=CAT  \\$aWR13.114$c20130717$lBLL01$h1313
=CAT  \\$aBATCH-PORT$c20130829$lBLL01$h1114
=CAT  \\$aWR14_009$c20140204$lBLL01$h2342
=CAT  \\$aBLDSS-3PM$b00$c20141214$lBLL01$h1522
=CAT  \\$aBATCH-UPD$b00$c20150215$lBLL01$h1656
=CAT  \\$aIPL-CLA$c20150228$lBLL01$h2049
=CAT  \\$aBATCH-UPD$b00$c20160519$lBLL01$h1817
=CAT  \\$aW1711-1005$c20171206$lBLL01$h1817
=CAT  \\$aBATCH-UPD$b00$c20180219$lBLL01$h1747
=CAT  \\$aW1805-0471$c20180520$lBLL01$h1139
=CAT  \\$aBATCH-UPD$b00$c20181121$lBLL01$h1622
=CAT  \\$aIPL-CLA$c20181231$lBLL01$h1543
=CAT  \\$aR1911-0245$c20191127$lBLL01$h0945
=CAT  \\$aR1911-0245$c20191127$lBLL01$h1045
=CAT  \\$aIPL-CLA$c20191231$lBLL01$h1936
=CAT  \\$a5410$b40$c20230507$lBLL01$h1728
=CFI  0\$aCurrent Copyright Fee: GBP39.00$c35\0$e01-jan-2020$fGBP39.00$g0$hP$5Uk
=CFI  2\$aPrevious copyright fee: GBP28.00$c35\0$e01-jan-2019$fGBP28.00$g0$hP$5Uk
=EST  \\$a1
=FFP  \\$aY$bBLDSS-3PM
=FIN  \\$aY$d20051122
=MNI  \\$a0143-2095
=SID  \\$aZ39$bOCLC
=TCO  \\$aTRS$bCCC$c008
=TCO  \\$aCLA$bCLA$c008
=TOC  \\$aETOC
=UNO  \\$aY
=ACF  \\$aPrevious Copyright Fee: GBP17.00$c35\0$e01-apr-2005$fGBP17.00$g0$hP$5Uk
=ACF  \\$aPrevious copyright fee: GBP22.00$c35\0$e01-jan-2011$fGBP22.00$g0$hP$5Uk
=ACF  \\$aPrevious copyright fee: GBP24.00$c35\0$e01-mar-2015$fGBP24.00$g0$hP$5Uk
=LAS  \\$a5410$b40$c20230507$lBLL01$h1728

