=LDR  04242cas a2201093 a 4500
=001  013342271
=003  Uk
=005  20211231154317.0
=006  m\\\\\o\\d\\\\\\\\
=007  cr\cn|||||||||
=008  001101c20019999enkqx1pso\\\\\0\\\a0eng\d
=FMT  \\$a  SE
=010  \\$a00212821
=015  \\$aGBA598256$2bnb
=022  0\$a1532-2998$y1532-3005
=037  \\$aISSN_15323005$bPortico$nWiley
=040  \\$aNSD$cNSD$dEYM$dOCLCQ$dNSD$dMYG$dWAU$dOCLCQ$dMUQ$dUk
=042  \\$ansdp$aukblsr
=050  14$aR726.5
=082  04$a616.98$222
=130  0\$aStress and health (Online)
=210  0\$aStress health$b(Online)
=222  \0$aStress and health$b(Online)
=245  10$aStress and health$h[electronic resource].
=260  \\$aChichester, West Sussex, UK :$bJohn Wiley & Sons,$c2001-
=310  \\$aFive no. a year
=336  \\$atext$2rdacontent
=337  \\$acomputer$2rdamedia
=338  \\$aonline resource$2rdacarrier
=362  0\$aVol. 17, issue 1 (Jan. 2001)-
=500  \\$aTitle from contents (viewed Jan. 30, 2003).
=500  \\$aLatest issue consulted: Vol. 18, issue 5 (Dec. 2002).
=530  \\$aAlso issued in print.
=538  \\$aMode of access: World Wide Web.
=540  \\$aCurrent copyright fee: GBP39.00$c35\0$5Uk
=650  \0$aMedicine and psychology$vPeriodicals.
=650  \0$aStress (Physiology)$vPeriodicals.
=650  \0$aMedicine$vPeriodicals.
=650  \2$aStress$vPeriodicals.
=650  \2$aHealth$vPeriodicals.
=650  \2$aMedicine$vPeriodicals.
=650  \2$aStress, Psychological$vPeriodicals.
=650  \6$aMédecine et psychologie$vPériodiques.
=650  \6$aStress$vPériodiques.
=650  \6$aMédecine$vPériodiques.
=776  1\$tStress and health$x1532-3005
=780  00$tStress medicine (Online)$x1099-1700
=859  \\$aELD$bejournal
=856  \\$31850-9999$uhttp://onlinelibrary.wiley.com/$xBLDSS
=852  41$aBritish Library$bDSC$j8474.128680$3Volume 22:Issue 1(2006)-***See ESTAR for full holdings.
=852  41$aBritish Library$bSTI$jELD Digital store$3Volume 29:Number 1(2013:Feb.)-***Previous issues available in print copy
=945  \\$aSTRESS AND HEALTH.
=959  \\$fCurrently received
=CAT  \\$a8141$b40$c20051122$lBLL01$h1642
=CAT  \\$aBATCH-UPD$b40$c20101116$lBLL01$h1334
=CAT  \\$aIPL-CLA$c20101231$lBLL01$h1516
=CAT  \\$aWR12_168$c20121206$lBLL01$h1816
=CAT  \\$aWR13.005$c20130323$lBLL01$h1328
=CAT  \\$a8874$b40$c20130520$lBLL01$h1021
=CAT  \\$a8874$b40$c20130520$lBLL01$h1022
=CAT  \\$aWR13.114$c20130717$lBLL01$h1313
=CAT  \\$aBATCH-PORT$c20130829$lBLL01$h1114
=CAT  \\$aWR14_009$c20140204$lBLL01$h2342
=CAT  \\$aWR14_140$c20140905$lBLL01$h1810
=CAT  \\$aBLDSS-3PM$b00$c20141214$lBLL01$h1522
=CAT  \\$aBATCH-UPD$b00$c20150215$lBLL01$h1656
=CAT  \\$aIPL-CLA$c20150228$lBLL01$h2049
=CAT  \\$aCDS15-UPD$b40$c20150918$lBLL01$h1639
=CAT  \\$aBATCH-UPD$b40$c20160519$lBLL01$h1817
=CAT  \\$aW1711-1005$c20171206$lBLL01$h1817
=CAT  \\$aBATCH-UPD$b00$c20180219$lBLL01$h1747
=CAT  \\$a6558$b40$c20180628$lBLL01$h1241
=CAT  \\$aBATCH-UPD$b40$c20181121$lBLL01$h1622
=CAT  \\$aIPL-CLA$c20181231$lBLL01$h1543
=CAT  \\$aR1911-0245$c20191127$lBLL01$h0823
=CAT  \\$aR1911-0245$c20191127$lBLL01$h1045
=CAT  \\$aIPL-CLA$c20191231$lBLL01$h1936
=CAT  \\$aW2111-0842$c20211208$lBLL01$h1942
=CAT  \\$aIPL-CLA$c20211231$lBLL01$h1543
=CFI  0\$aCurrent copyright fee: GBP39.00$c35\0$e01-jan-2022$fGBP39.00$g0$hP$5Uk
=CFI  2\$aPrevious Copyright Fee: GBP32.00$c35\0$e01-jan-2020$fGBP32.00$g0$hP$5Uk
=EST  \\$a1
=FFP  \\$aY$bBLDSS-3PM
=FIN  \\$aY$d20051122
=MNI  \\$a1532-3005
=SID  \\$aZ39$bOCLC
=TCO  \\$aCLA$bCLA$c008
=TOC  \\$aETOC
=UNO  \\$aY
=ACF  \\$aPrevious Copyright Fee: GBP17.00$c35\0$e01-apr-2005$fGBP17.00$g0$hP$5Uk
=ACF  \\$aPrevious copyright fee: GBP22.00$c35\0$e01-jan-2011$fGBP22.00$g0$hP$5Uk
=ACF  \\$aPrevious copyright fee: GBP24.00$c35\0$e01-mar-2015$fGBP24.00$g0$hP$5Uk
=ACF  \\$aPrevious copyright fee: GBP28.00$c35\0$e01-jan-2019$fGBP28.00$g0$hP$5Uk
=LAS  \\$aIPL-CLA$b00$c20211231$lBLL01$h1543

