=LDR  04393cas a2201069 a 4500
=001  013343918
=003  Uk
=005  20221016111131.0
=006  m\\\\\\\\d\\\\\\\\
=007  cr\|||||||||||
=008  010220c19499999gw\mr\pss\\\\\0\\\b0ger\d
=FMT  \\$a  SE
=010  \\$a2001262326
=015  \\$aGBB431103$2bnb
=022  \\$a1522-2640
=037  \\$aISSN_0009286X$bPortico$nWiley
=040  \\$aOH1$cOH1$dCGU$dOCLCQ$dUk
=042  \\$aukblsr
=082  04$a660.05$223
=130  0\$aChemie-Ingenieur-Technik (Online)
=210  0\$aChem.-Ing.-Tech.$b(Weinh., Internet)
=222  \0$aChemie-Ingenieur-Technik$b(Weinheim. Internet)
=245  10$aChemie Ingenieur Technik$h[electronic resource].
=260  \\$a[Weinheim, Germany] :$bWiley-VCH Verlag
=310  \\$aMonthly,$b1976-
=321  \\$a24 no. a year,$b1949-1951
=321  \\$aMonthly,$b1952-1966
=321  \\$a24 no. a year,$b1967-1975
=336  \\$atext$2rdacontent
=337  \\$acomputer$2rdamedia
=338  \\$aonline resource$2rdacarrier
=362  1\$aPrint began in 1949.
=500  \\$aDescription based on: Vol. 72, issue 1-2 (Jan. 2000); title from general information screen (viewed Oct. 10, 2001).
=530  \\$aAlso issued in print.
=538  \\$aMode of access: World Wide Web.
=588  \\$aLatest issue consulted: volume 86, issue 3 (March 2014) (Wiley Online Library, viewed March 17, 2014).
=540  \\$aCurrent Copyright Fee: GBP39.00$c35\0$5Uk
=650  \0$aChemical engineering$xPatents$vPeriodicals.
=650  \0$aChemical engineering$vPeriodicals.
=650  \0$aChemical industry$vPeriodicals.
=650  \0$aChemistry, Technical$vPeriodicals.
=710  2\$aGesellschaft Deutscher Chemiker,$eissuing body.
=776  1\$tChemie-Ingenieur-Technik$x0009-286X
=859  \\$aELD$bejournal
=856  \\$31850-9999$uhttp://onlinelibrary.wiley.com/$xBLDSS
=852  41$aBritish Library$bSTI$jELD Digital store$3Volume 85:Issue 1/2(2013)-***Previous issues available in print copy
=852  41$aBritish Library$bDSC$j3157.000000$3Volume 66:Issue 2(1994)-Volume 86:Issue 12(2014)***See ESTAR for full holdings.
=945  \\$aCHEMIE INGENIEUR TECHNIK.
=959  \\$fHeld but not currently received
=979  \\$aBritish Library$bDSC$j3157.000000
=985  \\$aCONFERENCE ANALYTIC RECORDS EXIST
=CAT  \\$a11281$b40$c20051123$lBLL01$h0830
=CAT  \\$a11281$b40$c20051123$lBLL01$h0838
=CAT  \\$aBATCH-UPD$b40$c20060901$lBLL01$h0959
=CAT  \\$aBATCH-UPD$b40$c20060901$lBLL01$h1030
=CAT  \\$aBATCH-UPD$b40$c20101116$lBLL01$h1334
=CAT  \\$aIPL-CLA$c20101231$lBLL01$h1516
=CAT  \\$aWR13.005$c20130323$lBLL01$h1329
=CAT  \\$a6162$b40$c20130910$lBLL01$h1000
=CAT  \\$a5997$b40$c20140317$lBLL01$h1450
=CAT  \\$a5997$b40$c20140317$lBLL01$h1452
=CAT  \\$a8411$b40$c20140324$lBLL01$h1635
=CAT  \\$aBLDSS-3PM$b00$c20141214$lBLL01$h1522
=CAT  \\$aBATCH-UPD$b00$c20150215$lBLL01$h1656
=CAT  \\$aIPL-CLA$c20150228$lBLL01$h2049
=CAT  \\$aCDS15-UPD$b40$c20150918$lBLL01$h1639
=CAT  \\$aBATCH-UPD$b40$c20160517$lBLL01$h1623
=CAT  \\$aW1711-1005$c20171206$lBLL01$h1817
=CAT  \\$aBATCH-UPD$b00$c20180219$lBLL01$h1747
=CAT  \\$aBATCH-UPD$b00$c20181121$lBLL01$h1622
=CAT  \\$aIPL-CLA$c20181231$lBLL01$h1543
=CAT  \\$a5410$b40$c20190903$lBLL01$h0930
=CAT  \\$a5410$b40$c20190903$lBLL01$h0931
=CAT  \\$aR1911-0245$c20191127$lBLL01$h0945
=CAT  \\$aR1911-0245$c20191127$lBLL01$h1045
=CAT  \\$aIPL-CLA$c20191231$lBLL01$h1936
=CAT  \\$a5410$b40$c20221016$lBLL01$h1111
=CFI  0\$aCurrent Copyright Fee: GBP39.00$c35\0$e01-jan-2020$fGBP39.00$g0$hP$5Uk
=CFI  2\$aPrevious copyright fee: GBP28.00$c35\0$e01-jan-2019$fGBP28.00$g0$hP$5Uk
=EST  \\$a1
=FFP  \\$aY$bBLDSS-3PM
=FIN  \\$aY$d20051123
=LKR  \\$aPAR$b011749319$lBLL01$nChemie-Ingenieur-Technik (Print)$mChemie-Ingenieur-Technik (Online)$r776
=MNI  \\$a0009-286X
=SID  \\$aZ39$bOCLC
=TCO  \\$aDEU$bVG WORT$c008
=TOC  \\$aETOC
=UNO  \\$aY
=ACF  \\$aPrevious Copyright Fee: GBP17.00$c35\0$e01-apr-2005$fGBP17.00$g0$hP$5Uk
=ACF  \\$aPrevious copyright fee: GBP22.00$c35\0$e01-jan-2011$fGBP22.00$g0$hP$5Uk
=ACF  \\$aPrevious copyright fee: GBP24.00$c35\0$e01-mar-2015$fGBP24.00$g0$hP$5Uk
=LAS  \\$a5410$b40$c20221016$lBLL01$h1111

