=LDR  04163cas a2201033 a 4500
=001  013343935
=003  Uk
=005  20221016111215.0
=006  m\\\\\o\\d\\\\\\\\
=007  cr\cn|||||||||
=008  971230c19799999nyumx1pso\\\\\0\\\a0eng\d
=FMT  \\$a  SE
=010  \\$asn 97001341
=015  \\$aGBB350500$2bnb
=022  0\$a1096-9918$l0142-2421$y0142-2421$21
=037  \\$aISSN_01422421$bPortico$nWiley
=040  \\$aNSD$cNSD$dEYM$dTJC$dOCLCQ$dOCL$dUk
=042  \\$ansdp$aukblsr
=050  14$aQC173.4.S94$bS96
=082  04$a541.33$222
=130  0\$aSurface and interface analysis (Online)
=210  0\$aSurf. interface anal.$b(Online)
=222  \0$aSurface and interface analysis$b(Online)
=245  10$aSurface and interface analysis$h[electronic resource].
=246  1\$iCover image has also title:$aSIA
=260  \\$aNew York, NY :$bJohn Wiley & Sons
=310  \\$aThirteen no. a year
=336  \\$atext$2rdacontent
=337  \\$acomputer$2rdamedia
=338  \\$aonline resource$2rdacarrier
=362  1\$aPrint began with Feb. 1979.
=500  \\$aDescription based on: Vol. 25, issue 1 (Jan. 1997); title from table of contents (viewed Jan. 11, 2001).
=500  \\$aLatest issue consulted: Vol. 31, issue 7 (July 2001).
=530  \\$aAlso issued in print.
=538  \\$aMode of access: World Wide Web.
=540  \\$aCurrent Copyright Fee: GBP39.00$c35\0$5Uk
=650  \0$aSurfaces (Physics)$vPeriodicals.
=650  \0$aSurface chemistry$vPeriodicals.
=650  \0$aThin films$vPeriodicals.
=710  2\$aWiley InterScience (Online service)
=776  1\$tSurface and interface analysis$x0142-2421
=859  \\$aELD$bejournal
=856  \\$31850-9999$uhttp://onlinelibrary.wiley.com/$xBLDSS
=852  41$aBritish Library$bDSC$j8547.742000$3Volume 38:Issue 1(2006)-Volume 46:Issue 12/13(2014)***See ESTAR for full holdings.
=852  41$aBritish Library$bSTI$jELD Digital store$3Volume 45:Number 1(2013:Jan.)-***Previous issues available in print copy
=945  \\$aSURFACE AND INTERFACE ANALYSIS.
=959  \\$fHeld but not currently received
=979  \\$aBritish Library$bDSC$j8547.742000
=985  \\$aCONFERENCE ANALYTIC RECORDS EXIST
=CAT  \\$a8141$b40$c20051123$lBLL01$h0853
=CAT  \\$aBATCH-UPD$b40$c20060901$lBLL01$h0959
=CAT  \\$aBATCH-UPD$b40$c20060901$lBLL01$h1030
=CAT  \\$aBATCH-UPD$b40$c20101116$lBLL01$h1334
=CAT  \\$aIPL-CLA$c20101231$lBLL01$h1516
=CAT  \\$aWR12_168$c20121206$lBLL01$h1816
=CAT  \\$aWR13.005$c20130323$lBLL01$h1329
=CAT  \\$a8874$b40$c20130522$lBLL01$h1349
=CAT  \\$aWR13.114$c20130717$lBLL01$h1313
=CAT  \\$aBATCH-PORT$c20130829$lBLL01$h1114
=CAT  \\$a10997$b40$c20131127$lBLL01$h1354
=CAT  \\$aWR14_009$c20140204$lBLL01$h2342
=CAT  \\$aBLDSS-3PM$b00$c20141214$lBLL01$h1522
=CAT  \\$aBATCH-UPD$b00$c20150215$lBLL01$h1656
=CAT  \\$aIPL-CLA$c20150228$lBLL01$h2049
=CAT  \\$aCDS15-UPD$b40$c20150918$lBLL01$h1639
=CAT  \\$aBATCH-UPD$b40$c20160519$lBLL01$h1805
=CAT  \\$aW1711-1005$c20171206$lBLL01$h1817
=CAT  \\$aBATCH-UPD$b00$c20180219$lBLL01$h1747
=CAT  \\$aBATCH-UPD$b00$c20181121$lBLL01$h1622
=CAT  \\$aIPL-CLA$c20181231$lBLL01$h1543
=CAT  \\$aR1911-0245$c20191127$lBLL01$h0945
=CAT  \\$aR1911-0245$c20191127$lBLL01$h1045
=CAT  \\$aIPL-CLA$c20191231$lBLL01$h1936
=CAT  \\$a5410$b40$c20200211$lBLL01$h0835
=CAT  \\$a5410$b40$c20221016$lBLL01$h1112
=CFI  0\$aCurrent Copyright Fee: GBP39.00$c35\0$e01-jan-2020$fGBP39.00$g0$hP$5Uk
=CFI  2\$aPrevious copyright fee: GBP28.00$c35\0$e01-jan-2019$fGBP28.00$g0$hP$5Uk
=EST  \\$a1
=FFP  \\$aY$bBLDSS-3PM
=FIN  \\$aY$d20051123
=MNI  \\$a0142-2421
=SID  \\$aZ39$bOCLC
=TCO  \\$aTRS$bCCC$c008
=TOC  \\$aETOC
=UNO  \\$aY
=ACF  \\$aPrevious Copyright Fee: GBP17.00$c35\0$e01-apr-2005$fGBP17.00$g0$hP$5Uk
=ACF  \\$aPrevious copyright fee: GBP22.00$c35\0$e01-jan-2011$fGBP22.00$g0$hP$5Uk
=ACF  \\$aPrevious copyright fee: GBP24.00$c35\0$e01-mar-2015$fGBP24.00$g0$hP$5Uk
=LAS  \\$a5410$b40$c20221016$lBLL01$h1112

