=LDR  04206cas a2201021 a 4500
=001  013343965
=003  Uk
=005  20230317135132.0
=006  m\\\\\\\\d\\\\\\\\
=007  cr\mn\\\\\\\\\
=008  000522c19939999nyuqr1pss\\\\\0\\\a0eng\d
=FMT  \\$a  SE
=010  \\$a2001212275
=015  \\$aGBB350854$2bnb
=022  0\$a1099-1719$y0968-0802
=037  \\$aISSN_09680802$bPortico$nWiley
=040  \\$aOH1$cOH1$dNSD$dEYM$dOCL$dOCLCQ$dWAU$dOCLCQ$dOCL$dUk
=042  \\$ansdp$aukblsr
=050  14$aHC79.E5$bS8668
=082  04$a330.9$222
=130  0\$aSustainable development (Online)
=210  0\$aSustain. dev.$b(Bradf. West Yorks. Engl., Online)
=222  \0$aSustainable development$b(Bradford, West Yorkshire, England. Online)
=245  10$aSustainable development$h[electronic resource].
=260  \\$aNew York :$bJ. Wiley
=310  \\$aQuarterly,$b1999-
=321  \\$aThree no. a year,$b<1996>-1998
=336  \\$atext$2rdacontent
=337  \\$acomputer$2rdamedia
=338  \\$aonline resource$2rdacarrier
=362  1\$aPrint began with vol. 1, no. 1, published in 1993.
=500  \\$aIncludes contents and abstracts for 1996.
=500  \\$aDescription based on: Vol. 5, issue 1 (Mar. 1997); title from general information screen (viewed May 22, 2000).
=500  \\$aLatest issue consulted: Vol. 11, issue 1 (Feb. 2003).
=530  \\$aAlso issued in print.
=538  \\$aMode of access: World Wide Web.
=540  \\$aCurrent Copyright Fee: GBP39.00$c35\0$5Uk
=650  \0$aSustainable development$vPeriodicals.
=650  \0$aEconomic development$xEnvironmental aspects$vPeriodicals.
=690  7\$aManagement and Business Studies$2blcoll
=776  1\$tSustainable development$x0968-0802
=859  \\$aELD$bejournal
=856  \\$31850-9999$uhttp://onlinelibrary.wiley.com/$xBLDSS
=852  41$aBritish Library$bHMNTS$jELD Digital store$3Volume 21:Number 1(2013:Jan./Feb.)-***Previous issues available in print copy
=852  41$aBritish Library$bDSC$j8553.358000$3Volume 14:Issue 1(2006)-Volume 26:Issue 1(2018)***See ESTAR for full holdings.
=945  \\$aSUSTAINABLE DEVELOPMENT -BRADFORD-.
=959  \\$fHeld but not currently received
=979  \\$aBritish Library$bDSC$j8553.358000
=CAT  \\$a8141$b40$c20051123$lBLL01$h0918
=CAT  \\$a8141$b40$c20051123$lBLL01$h0926
=CAT  \\$aBATCH-UPD$b40$c20060901$lBLL01$h0959
=CAT  \\$aBATCH-UPD$b40$c20060901$lBLL01$h1030
=CAT  \\$aBATCH$b00$c20090624$lBLL01$h1707
=CAT  \\$aBATCH-UPD$b00$c20101116$lBLL01$h1334
=CAT  \\$aIPL-CLA$c20101231$lBLL01$h1516
=CAT  \\$aWR12_168$c20121206$lBLL01$h1816
=CAT  \\$aWR13.005$c20130323$lBLL01$h1329
=CAT  \\$a8874$b40$c20130524$lBLL01$h0843
=CAT  \\$aWR13.114$c20130717$lBLL01$h1313
=CAT  \\$aBATCH-PORT$c20130829$lBLL01$h1114
=CAT  \\$aWR14_009$c20140204$lBLL01$h2342
=CAT  \\$aBLDSS-3PM$b00$c20141214$lBLL01$h1522
=CAT  \\$aBATCH-UPD$b00$c20150215$lBLL01$h1656
=CAT  \\$aIPL-CLA$c20150228$lBLL01$h2049
=CAT  \\$aBATCH-UPD$b00$c20160519$lBLL01$h1700
=CAT  \\$aW1711-1005$c20171206$lBLL01$h1817
=CAT  \\$aBATCH-UPD$b00$c20180219$lBLL01$h1747
=CAT  \\$aW1805-0471$c20180520$lBLL01$h1139
=CAT  \\$aBATCH-UPD$b00$c20181121$lBLL01$h1622
=CAT  \\$aIPL-CLA$c20181231$lBLL01$h1543
=CAT  \\$aR1911-0245$c20191127$lBLL01$h0944
=CAT  \\$aR1911-0245$c20191127$lBLL01$h1045
=CAT  \\$aIPL-CLA$c20191231$lBLL01$h1936
=CAT  \\$a5410$b40$c20230317$lBLL01$h1351
=CFI  0\$aCurrent Copyright Fee: GBP39.00$c35\0$e01-jan-2020$fGBP39.00$g0$hP$5Uk
=CFI  2\$aPrevious copyright fee: GBP28.00$c35\0$e01-jan-2019$fGBP28.00$g0$hP$5Uk
=EST  \\$a1
=FFP  \\$aY$bBLDSS-3PM
=FIN  \\$aY$d20051123
=MNI  \\$a0968-0802
=SID  \\$aZ39$bOCLC
=TCO  \\$aTRS$bCCC$c008
=TOC  \\$aETOC
=UNO  \\$aY
=ACF  \\$aPrevious Copyright Fee: GBP17.00$c35\0$e01-apr-2005$fGBP17.00$g0$hP$5Uk
=ACF  \\$aPrevious copyright fee: GBP22.00$c35\0$e01-jan-2011$fGBP22.00$g0$hP$5Uk
=ACF  \\$aPrevious copyright fee: GBP24.00$c35\0$e01-mar-2015$fGBP24.00$g0$hP$5Uk
=LAS  \\$a5410$b40$c20230317$lBLL01$h1351

