=LDR  04384cas a2201033 a 4500
=001  013343978
=003  Uk
=005  20211231154318.0
=006  m\\\\\o\\d\\\\\\\\
=007  cr\cnu||||||||
=008  990730c19799999gw\sx1pso\\\\\0\\\a0eng\d
=FMT  \\$a  SE
=010  \\$a00238279
=015  \\$aGBA599864$2bnb
=022  0\$a1099-1476$l0170-4214$21
=037  \\$aISSN_01704214$bPortico$nWiley
=040  \\$aCSL$cCSL$dIUL$dNSD$dOCLCQ$dIUL$dUk
=042  \\$ansdp$aukblsr
=050  14$aQA1$b.M355
=082  04$a519$222
=130  0\$aMathematical methods in the applied sciences (Online)
=210  0\$aMath. methods appl. sci.$b(Online)
=222  \0$aMathematical methods in the applied sciences$b(Online)
=245  10$aMathematical methods in the applied sciences$h[electronic resource].
=260  \\$aStuttgart :$bB.G. Teubner ;$aBognor Regis, West Sussex, England :$bJohn Wiley & Sons
=310  \\$aEighteen issues a year,$b1996-
=321  \\$aFrequency varies,$b1979-1995
=336  \\$atext$2rdacontent
=337  \\$acomputer$2rdamedia
=338  \\$aonline resource$2rdacarrier
=362  1\$aPrint began with vol. 1, no. 1, published in 1979.
=500  \\$aDescription based on: Vol. 20, issue 1 (10 Jan. 1997); title from journal home page (viewed July 30, 1999).
=500  \\$aLatest issue consulted: Vol. 28, issue 17 (25 Nov. 2005); viewed: Nov. 14, 2005.
=520  \\$aContains full text of articles, 1997- ; abstracts only, 1996.
=530  \\$aAlso issued in print.
=538  \\$aMode of access: World Wide Web.
=540  \\$aCurrent copyright fee: GBP46.00$c35\0$5Uk
=650  \0$aMathematics$vPeriodicals.
=650  \0$aTechnology$xMathematics$vPeriodicals.
=710  2\$aWiley InterScience (Online service)
=776  1\$tMathematical methods in the applied sciences$x0170-4214
=859  \\$aELD$bejournal
=856  \\$31850-9999$uhttp://onlinelibrary.wiley.com/$xBLDSS
=852  41$aBritish Library$bSTI$jELD Digital store$3Volume 36:Number 1(2013:Jan. 15)-***Previous issues available in print copy
=852  41$aBritish Library$bDSC$j5402.530000$3Volume 29:Issue 4(2006)-Volume 34:Issue 18(2011)***See ESTAR for full holdings.
=945  \\$aMATHEMATICAL METHODS IN THE APPLIED SCIENCES
=959  \\$fHeld but not currently received
=CAT  \\$a7332$b40$c20051123$lBLL01$h0927
=CAT  \\$aBATCH-UPD$b40$c20060901$lBLL01$h1030
=CAT  \\$aBATCH-UPD$b40$c20101116$lBLL01$h1334
=CAT  \\$aIPL-CLA$c20101231$lBLL01$h1516
=CAT  \\$aCDS12-UPD$b40$c20120402$lBLL01$h1434
=CAT  \\$aWR12_168$c20121206$lBLL01$h1816
=CAT  \\$aWR13.005$c20130323$lBLL01$h1329
=CAT  \\$a8874$b40$c20130517$lBLL01$h1008
=CAT  \\$aBATCH-CLA$b00$c20130526$lBLL01$h1621
=CAT  \\$aWR13.114$c20130717$lBLL01$h1313
=CAT  \\$aBATCH-PORT$c20130829$lBLL01$h1114
=CAT  \\$aWR14_009$c20140204$lBLL01$h2343
=CAT  \\$aWR14_140$c20140905$lBLL01$h1810
=CAT  \\$aBLDSS-3PM$b00$c20141214$lBLL01$h1522
=CAT  \\$aBATCH-UPD$b00$c20150215$lBLL01$h1656
=CAT  \\$aIPL-CLA$c20150228$lBLL01$h2049
=CAT  \\$aBATCH-UPD$b00$c20160519$lBLL01$h1526
=CAT  \\$aW1711-1005$c20171206$lBLL01$h1817
=CAT  \\$aBATCH-UPD$b00$c20180219$lBLL01$h1747
=CAT  \\$aBATCH-UPD$b00$c20181121$lBLL01$h1622
=CAT  \\$aIPL-CLA$c20181231$lBLL01$h1543
=CAT  \\$aR1911-0245$c20191127$lBLL01$h0945
=CAT  \\$aR1911-0245$c20191127$lBLL01$h1045
=CAT  \\$aIPL-CLA$c20191231$lBLL01$h1936
=CAT  \\$aW2111-0842$c20211209$lBLL01$h1035
=CAT  \\$aIPL-CLA$c20211231$lBLL01$h1543
=CFI  0\$aCurrent copyright fee: GBP46.00$c35\0$e01-jan-2022$fGBP46.00$g0$hP$5Uk
=CFI  2\$aPrevious Copyright Fee: GBP39.00$c35\0$e01-jan-2020$fGBP39.00$g0$hP$5Uk
=EST  \\$a1
=FFP  \\$aY$bBLDSS-3PM
=FIN  \\$aY$d20051123
=MNI  \\$a0170-4214
=SID  \\$aZ39$bOCLC
=TCO  \\$aDEU$bVG WORT$c008
=TCO  \\$aCLA$bCLA$c008
=TOC  \\$aETOC
=UNO  \\$aY
=ACF  \\$aPrevious Copyright Fee: GBP17.00$c35\0$e01-apr-2005$fGBP17.00$g0$hP$5Uk
=ACF  \\$aPrevious copyright fee: GBP22.00$c35\0$e01-jan-2011$fGBP22.00$g0$hP$5Uk
=ACF  \\$aPrevious copyright fee: GBP24.00$c35\0$e01-mar-2015$fGBP24.00$g0$hP$5Uk
=ACF  \\$aPrevious copyright fee: GBP28.00$c35\0$e01-jan-2019$fGBP28.00$g0$hP$5Uk
=LAS  \\$aIPL-CLA$b00$c20211231$lBLL01$h1543

