=LDR  04405cas a2201105 a 4500
=001  013343998
=003  Uk
=005  20221016111426.0
=006  m\\\\\\\\d\\\\\\\\
=007  cr\mn\\\\\\\\\
=008  000413c19859999nyuqr1pss\\\\\0\\\a0eng\d
=FMT  \\$a  SE
=010  \\$a00238329
=015  \\$aGBB350862$2bnb
=022  0\$a1099-1727$y0883-7066
=037  \\$aISSN_08837066$bPortico$nWiley
=040  \\$aIUL$cIUL$dNSD$dEYM$dTJC$dOCLCQ$dMUQ$dOCL$dUk
=042  \\$aukblsr$ansdp
=050  14$aQA402$b.S97
=082  04$a003$222
=130  0\$aSystem dynamics review (Online)
=210  0\$aSyst. dyn. rev.$b(Online)
=222  \0$aSystem dynamics review$b(Online)
=245  10$aSystem dynamics review$h[electronic resource].
=260  \\$aNew York, N.Y. :$bWiley
=310  \\$aQuarterly
=336  \\$atext$2rdacontent
=337  \\$acomputer$2rdamedia
=338  \\$aonline resource$2rdacarrier
=362  1\$aPrint began with vol. 1, no. 1 (summer 1985).
=500  \\$aDescription based on: Vol. 13, issue 1 (spring 1997); title from journal home page (viewed Apr. 13, 2000).
=500  \\$aLatest issue consulted: Vol. 17, issue 2 (summer 2001).
=515  \\$aSome no. combined.
=530  \\$aAlso issued in print.
=538  \\$aMode of access: World Wide Web.
=550  \\$aJournal of: the System Dynamics Society.
=540  \\$aCurrent Copyright Fee: GBP32.00$c35\0$5Uk
=650  \0$aEngineering$xMathematical models$vPeriodicals.
=650  \0$aDynamics$vPeriodicals.
=650  \0$aSystem analysis$vPeriodicals.
=650  \6$aIngénierie$xModèles mathématiques$vPériodiques.
=650  \6$aDynamique$vPériodiques.
=650  \6$aSystèmes, Analyse de$vPériodiques.
=690  7\$aManagement and Business Studies$2blcoll
=710  2\$aSystem Dynamics Society.
=710  2\$aWiley InterScience (Online service)
=776  1\$tSystem dynamics review$x0883-7066
=859  \\$aELD$bejournal
=856  \\$31850-9999$uhttp://onlinelibrary.wiley.com/$xBLDSS
=852  41$aBritish Library$bHMNTS$jELD Digital store$3Volume 29:Number 1(2013:Jan./Mar.)-***Previous issues available in print copy
=852  41$aBritish Library$bDSC$j8589.151000$3Volume 22:Issue 1(2006)-Volume 27:Issue 4(2011)***See ESTAR for full holdings.
=945  \\$aSYSTEM DYNAMICS REVIEW.
=959  \\$fHeld but not currently received
=979  \\$aBrtish Library$bDSC$j8589.151000
=CAT  \\$a8141$b40$c20051123$lBLL01$h0945
=CAT  \\$aBATCH-UPD$b40$c20060901$lBLL01$h1030
=CAT  \\$aBATCH$b00$c20090624$lBLL01$h1707
=CAT  \\$aBATCH-UPD$b00$c20101116$lBLL01$h1334
=CAT  \\$aIPL-CLA$c20101231$lBLL01$h1516
=CAT  \\$aCDS12-UPD$b40$c20120402$lBLL01$h1434
=CAT  \\$aWR12_168$c20121206$lBLL01$h1816
=CAT  \\$aWR13.005$c20130323$lBLL01$h1329
=CAT  \\$a8874$b40$c20130524$lBLL01$h0857
=CAT  \\$aBATCH-CLA$b00$c20130526$lBLL01$h1650
=CAT  \\$aWR13.114$c20130717$lBLL01$h1313
=CAT  \\$aBATCH-PORT$c20130829$lBLL01$h1114
=CAT  \\$aWR14_009$c20140204$lBLL01$h2342
=CAT  \\$aBLDSS-3PM$b00$c20141214$lBLL01$h1522
=CAT  \\$aBATCH-UPD$b00$c20150215$lBLL01$h1656
=CAT  \\$aIPL-CLA$c20150228$lBLL01$h2049
=CAT  \\$aBATCH-UPD$b00$c20160522$lBLL01$h2347
=CAT  \\$aW1711-1005$c20171206$lBLL01$h1817
=CAT  \\$aBATCH-UPD$b00$c20180219$lBLL01$h1747
=CAT  \\$aBATCH-UPD$b00$c20181121$lBLL01$h1622
=CAT  \\$aIPL-CLA$c20181231$lBLL01$h1543
=CAT  \\$aR1911-0245$c20191127$lBLL01$h0823
=CAT  \\$aR1911-0245$c20191127$lBLL01$h1045
=CAT  \\$aIPL-CLA$c20191231$lBLL01$h1936
=CAT  \\$a5410$b40$c20200210$lBLL01$h1608
=CAT  \\$a5410$b40$c20221016$lBLL01$h1114
=CFI  0\$aCurrent Copyright Fee: GBP32.00$c35\0$e01-jan-2020$fGBP32.00$g0$hP$5Uk
=CFI  2\$aPrevious copyright fee: GBP28.00$c35\0$e01-jan-2019$fGBP28.00$g0$hP$5Uk
=EST  \\$a1
=FFP  \\$aY$bBLDSS-3PM
=FIN  \\$aY$d20051123
=MNI  \\$a0883-7066
=SID  \\$aZ39$bOCLC
=TCO  \\$aTRS$bCCC$c008
=TCO  \\$aCLA$bCLA$c008
=TOC  \\$aETOC
=UNO  \\$aY
=ACF  \\$aPrevious Copyright Fee: GBP17.00$c35\0$e01-apr-2005$fGBP17.00$g0$hP$5Uk
=ACF  \\$aPrevious copyright fee: GBP22.00$c35\0$e01-jan-2011$fGBP22.00$g0$hP$5Uk
=ACF  \\$aPrevious copyright fee: GBP24.00$c35\0$e01-mar-2015$fGBP24.00$g0$hP$5Uk
=LAS  \\$a5410$b40$c20221016$lBLL01$h1114

