=LDR  04342cas a2201045 a 4500
=001  013344021
=003  Uk
=005  20221016111548.0
=006  m\\\\\\\\d\\\\\\\\
=007  cr\cnu\\\\\\\\
=008  991025c19979999nyubr1pss\\\\\0\\\a0eng\d
=FMT  \\$a  SE
=010  \\$a00238330
=015  \\$aGBA599870$2bnb
=022  0\$a1099-1743$y1092-7026
=037  \\$aISSN_10927026$bPortico$nWiley
=040  \\$aEXW$cEXW$dIUL$dNSD$dUV$dTJC$dOCLCQ$dGUA$dUk
=042  \\$ansdp$aukblsr
=050  14$aBF1
=082  04$a003$222
=130  0\$aSystems research and behavioral science (Online)
=210  0\$aSyst. res. behav. sci.$b(Online)
=222  \0$aSystems research and behavioral science$b(Online)
=245  10$aSystems research and behavioral science$h[electronic resource].
=260  \\$a[New York] :$bJohn Wiley & Sons,$cc1997-
=310  \\$aBimonthly
=336  \\$atext$2rdacontent
=337  \\$acomputer$2rdamedia
=338  \\$aonline resource$2rdacarrier
=362  0\$aVol. 14, issue 1 (Jan./Feb. 1997)-
=500  \\$aTitle from contents screen (InterScience, viewed May 25, 2004).
=500  \\$aLatest issue consulted: Vol. 21, issue 3 (May/June 2004), viewed May 25, 2004.
=525  \\$aSupplements accompany some issues.
=538  \\$aMode of access: World Wide Web.
=580  \\$aFormed by the union of: Systems research (Online), and: Behavioral science (Online), and continues the numbering of the former.
=540  \\$aCurrent Copyright Fee: GBP32.00$c35\0$5Uk
=650  \0$aPsychology$vPeriodicals.
=650  \0$aSocial sciences$vPeriodicals.
=650  \0$aSystem theory$vPeriodicals.
=776  08$iPrint version:$tSystems research and behavioral science$x1092-7026
=780  14$tSystems research (Online)$x1099-1735
=780  14$tBehavioral science (Online)
=859  \\$aELD$bejournal
=856  \\$31850-9999$uhttp://onlinelibrary.wiley.com/$xBLDSS
=852  41$aBritish Library$bHMNTS$jELD Digital store$3Volume 30:Number 1(2013:Jan./Feb.)-***Previous issues available in print copy
=852  41$aBritish Library$bDSC$j8589.424650$3Volume 23:Issue 1(2006)-Volume 28:Issue 6(2011)***See ESTAR for full holdings.
=945  \\$aSYSTEMS RESEARCH AND BEHAVIORAL SCIENCE.
=959  \\$fHeld but not currently received
=979  \\$aBritish Library$bDSC$j8549.446500
=985  \\$aCONFERENCE ANALYTIC &RECORDS EXIST
=CAT  \\$a8141$b40$c20051123$lBLL01$h1002
=CAT  \\$aBATCH-UPD$b40$c20060901$lBLL01$h1030
=CAT  \\$aBATCH-UPD$b40$c20101116$lBLL01$h1334
=CAT  \\$aIPL-CLA$c20101231$lBLL01$h1516
=CAT  \\$aCDS12-UPD$b40$c20120402$lBLL01$h1434
=CAT  \\$a11249$b40$c20120416$lBLL01$h0957
=CAT  \\$aWR12_168$c20121206$lBLL01$h1816
=CAT  \\$aWR13.005$c20130323$lBLL01$h1329
=CAT  \\$aBATCH-CLA$b00$c20130526$lBLL01$h1650
=CAT  \\$aWR13.114$c20130717$lBLL01$h1313
=CAT  \\$aBATCH-PORT$c20130829$lBLL01$h1114
=CAT  \\$aWR14_009$c20140204$lBLL01$h2342
=CAT  \\$a10997$b40$c20141002$lBLL01$h1038
=CAT  \\$aBLDSS-3PM$b00$c20141214$lBLL01$h1522
=CAT  \\$aBATCH-UPD$b00$c20150215$lBLL01$h1656
=CAT  \\$aIPL-CLA$c20150228$lBLL01$h2049
=CAT  \\$aBATCH-UPD$b00$c20160616$lBLL01$h1258
=CAT  \\$aW1711-1005$c20171206$lBLL01$h1817
=CAT  \\$aBATCH-UPD$b00$c20180219$lBLL01$h1747
=CAT  \\$aBATCH-UPD$b00$c20181121$lBLL01$h1622
=CAT  \\$aIPL-CLA$c20181231$lBLL01$h1543
=CAT  \\$aR1911-0245$c20191127$lBLL01$h0823
=CAT  \\$aR1911-0245$c20191127$lBLL01$h1045
=CAT  \\$a5410$b40$c20191211$lBLL01$h1102
=CAT  \\$aIPL-CLA$c20191231$lBLL01$h1936
=CAT  \\$a5410$b40$c20221016$lBLL01$h1115
=CFI  0\$aCurrent Copyright Fee: GBP32.00$c35\0$e01-jan-2020$fGBP32.00$g0$hP$5Uk
=CFI  2\$aPrevious copyright fee: GBP28.00$c35\0$e01-jan-2019$fGBP28.00$g0$hP$5Uk
=EST  \\$a1
=FFP  \\$aY$bBLDSS-3PM
=MNI  \\$a1092-7026
=SID  \\$aZ39$bOCLC
=TCO  \\$aTRS$bCCC$c008
=TCO  \\$aCLA$bCLA$c008
=TOC  \\$aETOC
=UNO  \\$aY
=ACF  \\$aPrevious Copyright Fee: GBP17.00$c35\0$e01-apr-2005$fGBP17.00$g0$hP$5Uk
=ACF  \\$aPrevious copyright fee: GBP22.00$c35\0$e01-jan-2011$fGBP22.00$g0$hP$5Uk
=ACF  \\$aPrevious copyright fee: GBP24.00$c35\0$e01-mar-2015$fGBP24.00$g0$hP$5Uk
=LAS  \\$a5410$b40$c20221016$lBLL01$h1115

