=LDR  03867cas a2200985 a 4500
=001  013344122
=003  Uk
=005  20221016111644.0
=006  m\\\\\\\\d\\\\\\\\
=007  cr\mn|||||||||
=008  000519c19889999nyubx1pso\\\\\0\\\a0eng\d
=FMT  \\$a  SE
=010  \\$a2001212294
=015  \\$aGBB350550$2bnb
=022  0\$a1099-1492$y0952-3480
=037  \\$aISSN_09523480$bPortico$nWiley
=040  \\$aOH1$cOH1$dNSD$dEYM$dOCL$dOCLCQ$dOCL$dUk
=042  \\$ansdp$aukblsr
=050  14$aQC762$b.N67
=082  10$a574$213
=130  0\$aNMR in biomedicine (Online)
=210  0\$aNMR biomed.$b(Online)
=222  \0$aNMR in biomedicine$b(Online)
=245  10$aNMR in biomedicine$h[electronic resource].
=260  \\$aNew York :$bJ. Wiley
=310  \\$aEight no. a year
=336  \\$atext$2rdacontent
=337  \\$acomputer$2rdamedia
=338  \\$aonline resource$2rdacarrier
=362  1\$aPrint began with vol. 1, no. 1 (Feb. 1988).
=500  \\$aDescription based on: Vol. 10, issue 1 (Jan. 1997); title from general information screen (viewed May 19, 2000).
=500  \\$aLatest issue consulted: Vol. 14, issue 3 (May 2001).
=530  \\$aAlso issued in print.
=538  \\$aMode of access: World Wide Web.
=540  \\$aCurrent Copyright Fee: GBP46.00$c35\0$5Uk
=650  \0$aNuclear magnetic resonance$vPeriodicals.
=650  \2$aMagnetic Resonance Spectroscopy$vPeriodicals.
=776  1\$tNMR in biomedicine$x0952-3480
=859  \\$aELD$bejournal
=856  \\$31850-9999$uhttp://onlinelibrary.wiley.com/$xBLDSS
=852  41$aBritish Library$bSTI$jELD Digital store$3Volume 26:Number 1(2013:Jan.)-
=852  41$aBritish Library$bDSC$j6113.931000$3Volume 19:Issue 1(2006)-Volume 24:Issue 10(2011)***See ESTAR for full holdings.
=945  \\$aNMR IN BIOMEDICINE
=959  \\$fHeld but not currently received
=979  \\$aBritish Library$bDSC$j6113.931000
=CAT  \\$a7332$b40$c20051123$lBLL01$h1032
=CAT  \\$aBATCH-UPD$b40$c20060901$lBLL01$h0959
=CAT  \\$aBATCH-UPD$b40$c20060901$lBLL01$h1030
=CAT  \\$aBATCH-UPD$b40$c20101116$lBLL01$h1334
=CAT  \\$aIPL-CLA$c20101231$lBLL01$h1516
=CAT  \\$aCDS12-UPD$b40$c20120402$lBLL01$h1434
=CAT  \\$aWR12_168$c20121206$lBLL01$h1816
=CAT  \\$aWR13.005$c20130323$lBLL01$h1329
=CAT  \\$a8456$b40$c20130522$lBLL01$h1509
=CAT  \\$aWR13.114$c20130717$lBLL01$h1313
=CAT  \\$aBATCH-PORT$c20130829$lBLL01$h1114
=CAT  \\$aWR14_009$c20140204$lBLL01$h2342
=CAT  \\$aBLDSS-3PM$b00$c20141214$lBLL01$h1522
=CAT  \\$aBATCH-UPD$b00$c20150215$lBLL01$h1656
=CAT  \\$aIPL-CLA$c20150228$lBLL01$h2049
=CAT  \\$aBATCH-UPD$b00$c20160526$lBLL01$h1832
=CAT  \\$aW1711-1005$c20171206$lBLL01$h1817
=CAT  \\$aBATCH-UPD$b00$c20180219$lBLL01$h1747
=CAT  \\$aBATCH-UPD$b00$c20181121$lBLL01$h1622
=CAT  \\$aIPL-CLA$c20181231$lBLL01$h1543
=CAT  \\$aR1911-0245$c20191127$lBLL01$h1015
=CAT  \\$aR1911-0245$c20191127$lBLL01$h1031
=CAT  \\$aR1911-0245$c20191127$lBLL01$h1035
=CAT  \\$aIPL-CLA$c20191231$lBLL01$h1936
=CAT  \\$a5410$b40$c20200905$lBLL01$h0004
=CAT  \\$a5410$b40$c20221016$lBLL01$h1116
=CFI  0\$aCurrent Copyright Fee: GBP46.00$c35\0$e01-jan-2020$fGBP46.00$g0$hP$5Uk
=CFI  2\$aPrevious copyright fee: GBP28.00$c35\0$e01-jan-2019$fGBP28.00$g0$hP$5Uk
=EST  \\$a1
=FFP  \\$aY$bBLDSS-3PM
=FIN  \\$aY$d20051123
=MNI  \\$a0952-3480
=SID  \\$aZ39$bOCLC
=TCO  \\$aTRS$bCCC$c008
=TOC  \\$aETOC
=UNO  \\$aY
=ACF  \\$aPrevious Copyright Fee: GBP17.00$c35\0$e01-apr-2005$fGBP17.00$g0$hP$5Uk
=ACF  \\$aPrevious copyright fee: GBP22.00$c35\0$e01-jan-2011$fGBP22.00$g0$hP$5Uk
=ACF  \\$aPrevious copyright fee: GBP24.00$c35\0$e01-mar-2015$fGBP24.00$g0$hP$5Uk
=LAS  \\$a5410$b40$c20221016$lBLL01$h1116

