=LDR  04378cas a2201033 a 4500
=001  013344136
=003  Uk
=005  20231016140002.0
=006  m\\\\\\\\d\\\\\\\\
=007  cr\|||||||||||
=008  990628c19719999gw\mr\pss\\\\\0\\\a0eng\d
=FMT  \\$a  SE
=010  \\$a2003233392
=015  \\$aGBB431349$2bnb
=022  0\$a1521-4141$l0014-2980$y0014-2980$26
=037  \\$aISSN_00142980$bPortico$nWiley
=040  \\$aDLM$cDLM$dOCLCQ$dGUA$dOCLCQ$dMUQ$dUk
=042  \\$aukblsr
=050  14$aQR180
=082  04$a616.079$221
=130  0\$aEuropean journal of immunology (Online)
=210  0\$aEur. J. Immunol$b(Internet)
=222  \0$aEuropean Journal of Immunology$b(Internet)
=245  10$aEuropean journal of immunology$h[electronic resource].
=246  13$aEJI
=260  \\$aWeinheim :$bWiley-VCH
=310  \\$aMonthly
=336  \\$atext$2rdacontent
=337  \\$acomputer$2rdamedia
=338  \\$aonline resource$2rdacarrier
=362  1\$aPrint began in 1971.
=500  \\$aDescription based on: Vol. 28, issue 1 (Jan. 1998); title from contents screen (Interscience, viewed Dec. 19, 2003).
=588  \\$aLatest issue consulted: volume 44, issue 3 (March 2014) (Wiley Online Library, viewed March 18, 2014).
=550  \\$aOfficial journal of the European Federation of Immunological Societies.
=540  \\$aCurrent Copyright Fee: GBP39.00$c35\0$5Uk
=650  \0$aImmunology$vPeriodicals.
=710  2\$aEuropean Federation of Immunological Societies,$eissuing body.
=776  08$iAlso issued in print as:$tEuropean journal of immunology$x0014-2980
=859  \\$aELD$bejournal
=856  \\$31850-9999$uhttp://onlinelibrary.wiley.com/$xBLDSS
=852  41$aBritish Library$bDSC$j3829.730100$3Volume 23:Issue 4(1993)-Volume 44:Issue 12(2014)***See ESTAR for full holdings.
=852  41$aBritish Library$bSTI$jELD Digital store$3Volume 43:Issue 1(2013:Jan.)-***Previous issues available in print copy
=945  \\$aEUROPEAN JOURNAL OF IMMUNOLOGY.
=959  \\$fHeld but not currently received
=979  \\$aBritish Library$bDSC$j3829.730100
=985  \\$aCONFERENCE ANALYTIC RECORDS EXIST
=CAT  \\$a11281$b40$c20051123$lBLL01$h1044
=CAT  \\$a11281$b40$c20051123$lBLL01$h1059
=CAT  \\$aBATCH-UPD$b40$c20060901$lBLL01$h0959
=CAT  \\$aBATCH-UPD$b40$c20060901$lBLL01$h1030
=CAT  \\$aBATCH-UPD$b40$c20101116$lBLL01$h1334
=CAT  \\$aIPL-CLA$c20101231$lBLL01$h1516
=CAT  \\$aWR12_168$c20121206$lBLL01$h1816
=CAT  \\$aWR13.005$c20130323$lBLL01$h1329
=CAT  \\$a10997$b40$c20131025$lBLL01$h1011
=CAT  \\$a5997$b40$c20140318$lBLL01$h1224
=CAT  \\$a8411$b40$c20140325$lBLL01$h0940
=CAT  \\$aBLDSS-3PM$b00$c20141214$lBLL01$h1522
=CAT  \\$aBATCH-UPD$b00$c20150215$lBLL01$h1656
=CAT  \\$aIPL-CLA$c20150228$lBLL01$h2049
=CAT  \\$aCDS15-UPD$b40$c20150918$lBLL01$h1639
=CAT  \\$aBATCH-UPD$b40$c20160518$lBLL01$h1937
=CAT  \\$aW1711-1005$c20171206$lBLL01$h1817
=CAT  \\$aBATCH-UPD$b00$c20180219$lBLL01$h1747
=CAT  \\$aBATCH-UPD$b00$c20181121$lBLL01$h1622
=CAT  \\$aIPL-CLA$c20181231$lBLL01$h1543
=CAT  \\$a5410$b40$c20190903$lBLL01$h1541
=CAT  \\$aR1911-0245$c20191127$lBLL01$h0945
=CAT  \\$aR1911-0245$c20191127$lBLL01$h1045
=CAT  \\$aIPL-CLA$c20191231$lBLL01$h1936
=CAT  \\$a5410$b40$c20221016$lBLL01$h1117
=CAT  \\$a12654$b40$c20231016$lBLL01$h1400
=CFI  0\$aCurrent Copyright Fee: GBP39.00$c35\0$e01-jan-2020$fGBP39.00$g0$hP$5Uk
=CFI  1\$aPending Copyright Fee: GBP46.00$c35\0$e01-jan-2024$fGBP46.00$g0$hP$5Uk
=CFI  2\$aPrevious copyright fee: GBP28.00$c35\0$e01-jan-2019$fGBP28.00$g0$hP$5Uk
=EST  \\$a1
=FFP  \\$aY$bBLDSS-3PM
=FIN  \\$aY$d20051123
=LET  \0$aEuropean journal of immunology (Electronic)
=LKR  \\$aPAR$b007858729$lBLL01$nEuropean journal of immunology (Print)$mEuropean journal of immunology (Online)$r776
=MNI  \\$a0014-2980
=SID  \\$aZ39$bOCLC
=TCO  \\$aDEU$bVG WORT$c008
=TOC  \\$aETOC
=UNO  \\$aY
=ACF  \\$aPrevious Copyright Fee: GBP17.00$c35\0$e01-apr-2005$fGBP17.00$g0$hP$5Uk
=ACF  \\$aPrevious copyright fee: GBP22.00$c35\0$e01-jan-2011$fGBP22.00$g0$hP$5Uk
=ACF  \\$aPrevious copyright fee: GBP24.00$c35\0$e01-mar-2015$fGBP24.00$g0$hP$5Uk
=LAS  \\$a12654$b40$c20231016$lBLL01$h1400

