=LDR  04268cas a2201033 a 4500
=001  013344137
=003  Uk
=005  20221016111801.0
=006  m\\\\\\\\d\\\\\\\\
=007  cr\cnu||||||||
=008  990729c19949999enkbx\pss\\\\\0\\\a0eng\d
=FMT  \\$a  SE
=010  \\$a2001212293
=015  \\$aGBA599877$2bnb
=022  0\$a1099-1506$y1070-5325
=037  \\$aISSN_10705325$bPortico$nWiley
=040  \\$aCSL$cCSL$dOCL$dNSD$dOCLCQ$dWAU$dOCLCQ$dUk
=042  \\$ansdp$aukblsr
=050  14$aQA184
=082  04$a512.5$222
=130  0\$aNumerical linear algebra with applications (Online)
=210  0\$aNumer. linear algebr. appl.$b(Online)
=222  \0$aNumerical linear algebra with applications$b(Online)
=245  10$aNumerical linear algebra with applications$h[electronic resource].
=260  \\$aBognor Regis, West Sussex, England :$bJohn Wiley & Sons
=310  \\$a8 times a year,$b1999-
=321  \\$aBimonthly,$b<1996>-1998
=336  \\$atext$2rdacontent
=337  \\$acomputer$2rdamedia
=338  \\$aonline resource$2rdacarrier
=362  1\$aPrint began with vol. 1, no. 1 (Jan.-Feb. 1994).
=500  \\$aFull-text not available for 1996.
=500  \\$aHas occasional special issue.
=500  \\$aDescription based on: Vol. 3, issue 1 (Jan./Feb. 1996); title from title screen (viewed July 29, 1999).
=500  \\$aLatest issue consulted: Vol. 10, issue 1/2 (Jan./Mar. 2003).
=515  \\$aSome issues combined.
=530  \\$aAlso issued in print.
=538  \\$aMode of access: World Wide Web.
=540  \\$aCurrent copyright fee: GBP46.00$c35\0$5Uk
=650  \0$aAlgebras, Linear$vPeriodicals.
=776  1\$tNumerical linear algebra with applications$x1070-5325
=859  \\$aELD$bejournal
=856  \\$31850-9999$uhttp://onlinelibrary.wiley.com/$xBLDSS
=852  41$aBritish Library$bHMNTS$jELD Digital store$3Volume 20:Issue 1(2013:Jan.)-***Previous issues available in print copy
=852  41$aBritish Library$bDSC$j6184.692750$3Volume 13:Issue 1(2006)-Volume 18:Issue 6(2011)***See ESTAR for full holdings.
=945  \\$aNUMERICAL LINEAR ALGEBRA WITH APPLICATIONS.
=959  \\$fHeld but not currently received
=979  \\$aBritish Library$bDSC$j6184.692750
=CAT  \\$a7332$b40$c20051123$lBLL01$h1045
=CAT  \\$aBATCH-UPD$b40$c20101116$lBLL01$h1334
=CAT  \\$aIPL-CLA$c20101231$lBLL01$h1516
=CAT  \\$aCDS12-UPD$b40$c20120402$lBLL01$h1434
=CAT  \\$aWR12_168$c20121206$lBLL01$h1816
=CAT  \\$aWR13.005$c20130323$lBLL01$h1329
=CAT  \\$a8323$b40$c20130523$lBLL01$h1009
=CAT  \\$aWR13.114$c20130717$lBLL01$h1313
=CAT  \\$aBATCH-PORT$c20130829$lBLL01$h1114
=CAT  \\$aWR14_009$c20140204$lBLL01$h2343
=CAT  \\$aWR14_140$c20140905$lBLL01$h1810
=CAT  \\$aBLDSS-3PM$b00$c20141214$lBLL01$h1522
=CAT  \\$aBATCH-UPD$b00$c20150215$lBLL01$h1656
=CAT  \\$aIPL-CLA$c20150228$lBLL01$h2049
=CAT  \\$aBATCH-UPD$b00$c20160519$lBLL01$h1724
=CAT  \\$aW1711-1005$c20171206$lBLL01$h1817
=CAT  \\$aBATCH-UPD$b00$c20180219$lBLL01$h1747
=CAT  \\$aBATCH-UPD$b00$c20181121$lBLL01$h1622
=CAT  \\$aIPL-CLA$c20181231$lBLL01$h1543
=CAT  \\$aR1911-0245$c20191127$lBLL01$h0823
=CAT  \\$aR1911-0245$c20191127$lBLL01$h1045
=CAT  \\$aIPL-CLA$c20191231$lBLL01$h1936
=CAT  \\$a5410$b40$c20200902$lBLL01$h1434
=CAT  \\$aW2111-0842$c20211209$lBLL01$h1035
=CAT  \\$aIPL-CLA$c20211231$lBLL01$h1543
=CAT  \\$a5410$b40$c20221016$lBLL01$h1118
=CFI  0\$aCurrent copyright fee: GBP46.00$c35\0$e01-jan-2022$fGBP46.00$g0$hP$5Uk
=CFI  2\$aPrevious Copyright Fee: GBP32.00$c35\0$e01-jan-2020$fGBP32.00$g0$hP$5Uk
=EST  \\$a1
=FFP  \\$aY$bBLDSS-3PM
=FIN  \\$aY$d20051123
=MNI  \\$a1070-5325
=SID  \\$aZ39$bOCLC
=TCO  \\$aCLA$bCLA$c008
=TOC  \\$aETOC
=UNO  \\$aY
=ACF  \\$aPrevious Copyright Fee: GBP17.00$c35\0$e01-apr-2005$fGBP17.00$g0$hP$5Uk
=ACF  \\$aPrevious copyright fee: GBP22.00$c35\0$e01-jan-2011$fGBP22.00$g0$hP$5Uk
=ACF  \\$aPrevious copyright fee: GBP24.00$c35\0$e01-mar-2015$fGBP24.00$g0$hP$5Uk
=ACF  \\$aPrevious copyright fee: GBP28.00$c35\0$e01-jan-2019$fGBP28.00$g0$hP$5Uk
=LAS  \\$a5410$b40$c20221016$lBLL01$h1118

