=LDR  04148cas a2200997 a 4500
=001  013344167
=003  Uk
=005  20221016111839.0
=006  m\\\\\\\\u\\\\\\\\
=007  cr\cnu\\\\\\\\
=008  990909c19969999nyuqr1pss\\\\\0\\\a0eng\d
=FMT  \\$a  SE
=010  \\$a2001212292
=015  \\$aGBB350715$2bnb
=022  0\$a1099-1514
=037  \\$aISSN_01432087$bPortico$nWiley
=040  \\$aIRU$cIRU$dNSD$dOCL$dOCLCQ$dUk
=042  \\$ansdp$aukblsr
=082  04$a629.8312$222
=130  0\$aOptimal control applications and methods (Online)
=210  0\$aOptim. control appl. methods$b(Online)
=222  \0$aOptimal control applications and methods$b(Online)
=245  10$aOptimal control applications and methods$h[electronic resource].
=260  \\$aNew York :$bJohn Wiley & Sons
=310  \\$aQuarterly
=336  \\$atext$2rdacontent
=337  \\$acomputer$2rdamedia
=338  \\$aonline resource$2rdacarrier
=362  1\$aCoverage as of Jan. 25, 2001: abstracts: Vol. 17, issue 1 (Jan./Mar. 1996)- ; full text: Vol. 18, issue 1 (Jan./Feb. 1997)-
=500  \\$aDescription based on: Vol. 17, issue 1 (Jan./Mar. 1996); title from table of contents (viewed Jan. 25, 2001).
=530  \\$aAlso issued in print.
=538  \\$aMode of access: World Wide Web.
=540  \\$aCurrent copyright fee: GBP39.00$c35\0$5Uk
=650  \0$aControl theory$vPeriodicals.
=650  \0$aMathematical optimization$vPeriodicals.
=710  2\$aWiley InterScience (Online service)
=776  1\$tOptimal control applications and methods$x0143-2087
=859  \\$aELD$bejournal
=856  \\$31850-9999$uhttp://onlinelibrary.wiley.com/$xBLDSS
=852  41$aBritish Library$bSTI$jELD Digital store$3Volume 34:Number 1(2013:Jan./Feb.)-***Previous issues available in print copy
=852  41$aBritish Library$bDSC$j6275.070000$3Volume 27:Issue 1(2006)-Volume 32:Issue 6(2011)***See ESTAR for full holdings.
=945  \\$aOPTIMAL CONTROL APPLICATIONS AND METHODS.
=959  \\$fHeld but not currently received
=979  \\$aBritish Library$bDSC$j6275.070000
=CAT  \\$a7332$b40$c20051123$lBLL01$h1100
=CAT  \\$aIPL-CLA$c20101231$lBLL01$h1516
=CAT  \\$aCDS12-UPD$b40$c20120402$lBLL01$h1434
=CAT  \\$aWR12_168$c20121206$lBLL01$h1816
=CAT  \\$aWR13.005$c20130323$lBLL01$h1329
=CAT  \\$a8456$b40$c20130523$lBLL01$h1137
=CAT  \\$aBATCH-CLA$b00$c20130526$lBLL01$h1624
=CAT  \\$aWR13.114$c20130717$lBLL01$h1313
=CAT  \\$aBATCH-PORT$c20130829$lBLL01$h1114
=CAT  \\$aWR14_009$c20140204$lBLL01$h2343
=CAT  \\$aBLDSS-3PM$b00$c20141214$lBLL01$h1522
=CAT  \\$aBATCH-UPD$b00$c20150215$lBLL01$h1656
=CAT  \\$aIPL-CLA$c20150228$lBLL01$h2049
=CAT  \\$aBATCH-UPD$b00$c20160615$lBLL01$h0142
=CAT  \\$aW1711-1005$c20171206$lBLL01$h1817
=CAT  \\$aBATCH-UPD$b00$c20180219$lBLL01$h1747
=CAT  \\$aBATCH-UPD$b00$c20181121$lBLL01$h1622
=CAT  \\$aIPL-CLA$c20181231$lBLL01$h1543
=CAT  \\$aR1911-0245$c20191127$lBLL01$h0823
=CAT  \\$aR1911-0245$c20191127$lBLL01$h1045
=CAT  \\$aIPL-CLA$c20191231$lBLL01$h1936
=CAT  \\$a5410$b40$c20200829$lBLL01$h2037
=CAT  \\$a5410$b40$c20200829$lBLL01$h2038
=CAT  \\$aW2111-0842$c20211208$lBLL01$h1942
=CAT  \\$aIPL-CLA$c20211231$lBLL01$h1543
=CAT  \\$a5410$b40$c20221016$lBLL01$h1118
=CFI  0\$aCurrent copyright fee: GBP39.00$c35\0$e01-jan-2022$fGBP39.00$g0$hP$5Uk
=CFI  2\$aPrevious Copyright Fee: GBP32.00$c35\0$e01-jan-2020$fGBP32.00$g0$hP$5Uk
=EST  \\$a1
=FFP  \\$aY$bBLDSS-3PM
=FIN  \\$aY$d20051123
=MNI  \\$a0143-2087
=SID  \\$aZ39$bOCLC
=TCO  \\$aTRS$bCCC$c008
=TCO  \\$aCLA$bCLA$c008
=TOC  \\$aETOC
=UNO  \\$aY
=ACF  \\$aPrevious Copyright Fee: GBP17.00$c35\0$e01-apr-2005$fGBP17.00$g0$hP$5Uk
=ACF  \\$aPrevious copyright fee: GBP22.00$c35\0$e01-jan-2011$fGBP22.00$g0$hP$5Uk
=ACF  \\$aPrevious copyright fee: GBP24.00$c35\0$e01-mar-2015$fGBP24.00$g0$hP$5Uk
=ACF  \\$aPrevious copyright fee: GBP28.00$c35\0$e01-jan-2019$fGBP28.00$g0$hP$5Uk
=LAS  \\$a5410$b40$c20221016$lBLL01$h1118

