=LDR  04072cas a2201009 a 4500
=001  013344190
=003  Uk
=005  20221016111917.0
=006  m\\\\\o\\d\\\\\\\\
=007  cr\mn|||||||||
=008  000519c19889999nyubr1pso\\\\\0\\\a0eng\d
=FMT  \\$a  SE
=010  \\$a2001212291
=015  \\$aGBB350721$2bnb
=022  0\$a1099-1522$y0894-3214
=037  \\$aISSN_08943214$bPortico$nWiley
=040  \\$aOH1$cOH1$dNSD$dEYM$dOCL$dOCLCQ$dOCL$dUk
=042  \\$ansdp$aukblsr
=050  14$aTS195.A1$bP255
=082  04$a688.8$222
=130  0\$aPackaging technology and science (Online)
=210  0\$aPackag. technol. sci.$b(Online)
=222  \0$aPackaging technology and science$b(Online)
=245  10$aPackaging technology and science$h[electronic resource].
=246  3\$aPackaging technology & science
=260  \\$aNew York :$bJ. Wiley
=310  \\$aBimonthly
=336  \\$atext$2rdacontent
=337  \\$acomputer$2rdamedia
=338  \\$aonline resource$2rdacarrier
=362  1\$aPrint began with vol. 1, no. 1 (Jan.-Mar. 1988).
=500  \\$aDescription based on: Vol. 10, issue 1 (Jan./Feb. 1997); title from general information screen (viewed May 19, 2000).
=500  \\$aLatest issue consulted: Vol. 14, issue 3 (May/June 2001).
=530  \\$aAlso issued in print as: Packaging technology & science.
=538  \\$aMode of access: World Wide Web.
=540  \\$aCurrent Copyright Fee: GBP39.00$c35\0$5Uk
=650  \0$aPackaging$vPeriodicals.
=776  1\$tPackaging technology & science$x0894-3214
=859  \\$aELD$bejournal
=856  \\$31850-9999$uhttp://onlinelibrary.wiley.com/$xBLDSS
=852  41$aBritish Library$bDSC$j6333.018500$3Volume 19:Issue 1(2006)-Volume 27:Issue 12(2014)***See ESTAR for full holdings.
=852  41$aBritish Library$bSTI$jELD Digital store$3Volume 26:Number 1(2013)-***Previous issues available in print copy
=945  \\$aPACKAGING TECHNOLOGY AND SCIENCE.
=959  \\$fHeld but not currently received
=979  \\$aBritish Library$bDSC$j6333.018500
=985  \\$aCONFERENCE ANALYTIC RECORDS EXIST
=CAT  \\$a7332$b40$c20051123$lBLL01$h1111
=CAT  \\$aBATCH-UPD$b40$c20101116$lBLL01$h1334
=CAT  \\$aIPL-CLA$c20101231$lBLL01$h1516
=CAT  \\$aWR12_168$c20121206$lBLL01$h1816
=CAT  \\$aWR13.005$c20130323$lBLL01$h1329
=CAT  \\$a8456$b40$c20130523$lBLL01$h1143
=CAT  \\$aBATCH-CLA$b00$c20130526$lBLL01$h1619
=CAT  \\$aWR13.114$c20130717$lBLL01$h1313
=CAT  \\$aBATCH-PORT$c20130829$lBLL01$h1114
=CAT  \\$aWR14_009$c20140204$lBLL01$h2343
=CAT  \\$a6162$b40$c20140429$lBLL01$h1056
=CAT  \\$a6162$b40$c20140429$lBLL01$h1057
=CAT  \\$aBLDSS-3PM$b00$c20141214$lBLL01$h1523
=CAT  \\$aBATCH-UPD$b00$c20150215$lBLL01$h1656
=CAT  \\$aIPL-CLA$c20150228$lBLL01$h2049
=CAT  \\$aCDS15-UPD$b40$c20150918$lBLL01$h1639
=CAT  \\$aBATCH-UPD$b40$c20160609$lBLL01$h1146
=CAT  \\$aW1711-1005$c20171206$lBLL01$h1817
=CAT  \\$aBATCH-UPD$b00$c20180219$lBLL01$h1747
=CAT  \\$aBATCH-UPD$b00$c20181121$lBLL01$h1622
=CAT  \\$aIPL-CLA$c20181231$lBLL01$h1543
=CAT  \\$aR1911-0245$c20191127$lBLL01$h0944
=CAT  \\$aR1911-0245$c20191127$lBLL01$h1045
=CAT  \\$aIPL-CLA$c20191231$lBLL01$h1936
=CAT  \\$a5410$b40$c20200826$lBLL01$h2234
=CAT  \\$a5410$b40$c20221016$lBLL01$h1119
=CFI  0\$aCurrent Copyright Fee: GBP39.00$c35\0$e01-jan-2020$fGBP39.00$g0$hP$5Uk
=CFI  2\$aPrevious copyright fee: GBP28.00$c35\0$e01-jan-2019$fGBP28.00$g0$hP$5Uk
=EST  \\$a1
=FFP  \\$aY$bBLDSS-3PM
=FIN  \\$aY$d20011123
=MNI  \\$a0894-3214
=SID  \\$aZ39$bOCLC
=TCO  \\$aTRS$bCCC$c008
=TCO  \\$aCLA$bCLA$c008
=TOC  \\$aETOC
=UNO  \\$aY
=ACF  \\$aPrevious Copyright Fee: GBP17.00$c35\0$e01-apr-2005$fGBP17.00$g0$hP$5Uk
=ACF  \\$aPrevious copyright fee: GBP22.00$c35\0$e01-jan-2011$fGBP22.00$g0$hP$5Uk
=ACF  \\$aPrevious copyright fee: GBP24.00$c35\0$e01-mar-2015$fGBP24.00$g0$hP$5Uk
=LAS  \\$a5410$b40$c20221016$lBLL01$h1119

