=LDR  04212cas a2201057 a 4500
=001  013344202
=003  Uk
=005  20211231154318.0
=006  m\\\\\\\\d\\\\\\\\
=007  cr\|||||||||||
=008  980821c19999999nyubx\pss\\\\\0\\\a0eng\d
=FMT  \\$a  SE
=010  \\$asn 98002340
=015  \\$aGBB351218$2bnb
=022  0\$a1521-2254$y1099-498X
=037  \\$bJohn Wiley & Sons, 605 Third Avenue, New York, N.Y. 10158-0012
=037  \\$aISSN_1099498X$bPortico$nWiley
=040  \\$aNSD$cNSD$dEYM$dTJC$dOCLCQ$dNSD$dN@F$dOCLCQ$dUk
=042  \\$ansdp$aukblsr
=050  10$aISSN RECORD
=050  14$aQH448.4$b.J68
=082  04$a616.042$222
=130  0\$aJournal of gene medicine (Online)
=210  0\$aJ. gene med.$b(Online)
=222  \4$aThe journal of gene medicine$b(Online)
=245  14$aThe journal of gene medicine$h[electronic resource].
=246  30$aGene medicine
=260  \\$aNew York, NY :$bJohn Wiley & Sons,$cc1999-
=310  \\$aBimonthly
=336  \\$atext$2rdacontent
=337  \\$acomputer$2rdamedia
=338  \\$aonline resource$2rdacarrier
=362  0\$aVol. 1, issue 1 (Jan./Feb. 1999)-
=500  \\$aTitle from table of contents (viewed July 28, 2003).
=500  \\$aLatest issue consulted: Vol. 5, issue 7 (2003) (viewed July 28, 2003).
=530  \\$aAlso issued in print.
=538  \\$aMode of access: World Wide Web.
=540  \\$aCurrent copyright fee: GBP39.00$c35\0$5Uk
=650  \0$aGenetic transformation$vPeriodicals.
=650  12$aGene Transfer$vPeriodicals.
=650  22$aGene Therapy$vPeriodicals.
=710  2\$aWiley InterScience (Online service)
=776  1\$tJournal of gene medicine$x1099-498X
=859  \\$aELD$bejournal
=856  \\$31850-9999$uhttp://onlinelibrary.wiley.com/$xBLDSS
=852  41$aBritish Library$bHMNTS$jELD Digital store$3Volume 15:Number 1(2013:Jan.)-***Previous issues available in print copy
=852  41$aBritish Library$bDSC$j4987.668000$3Volume 8:Issue 1(2006)-Volume 13:Issue 12(2011)***See ESTAR for full holdings.
=945  \\$aJOURNAL OF GENE MEDICINE.
=959  \\$fHeld but not currently received
=CAT  \\$a8141$b40$c20051123$lBLL01$h1115
=CAT  \\$aBATCH-UPD$b40$c20060901$lBLL01$h0959
=CAT  \\$aBATCH-UPD$b40$c20060901$lBLL01$h1030
=CAT  \\$aBATCH-UPD$b40$c20101116$lBLL01$h1334
=CAT  \\$aIPL-CLA$c20101231$lBLL01$h1516
=CAT  \\$aCDS12-UPD$b40$c20120402$lBLL01$h1434
=CAT  \\$aWR12_168$c20121206$lBLL01$h1816
=CAT  \\$aWR13.005$c20130323$lBLL01$h1329
=CAT  \\$aBATCH-CLA$b00$c20130526$lBLL01$h1648
=CAT  \\$a5997$b40$c20130528$lBLL01$h0821
=CAT  \\$aWR13.114$c20130717$lBLL01$h1313
=CAT  \\$aBATCH-PORT$c20130829$lBLL01$h1114
=CAT  \\$aWR14_009$c20140204$lBLL01$h2342
=CAT  \\$aBLDSS-3PM$b00$c20141214$lBLL01$h1523
=CAT  \\$aBATCH-UPD$b00$c20150215$lBLL01$h1656
=CAT  \\$aIPL-CLA$c20150228$lBLL01$h2049
=CAT  \\$aBATCH-UPD$b00$c20160602$lBLL01$h1058
=CAT  \\$aW1711-1005$c20171206$lBLL01$h1817
=CAT  \\$aBATCH-UPD$b00$c20180219$lBLL01$h1747
=CAT  \\$aBATCH-UPD$b00$c20181121$lBLL01$h1622
=CAT  \\$aIPL-CLA$c20181231$lBLL01$h1543
=CAT  \\$aR1911-0245$c20191127$lBLL01$h0823
=CAT  \\$aR1911-0245$c20191127$lBLL01$h1045
=CAT  \\$aIPL-CLA$c20191231$lBLL01$h1936
=CAT  \\$aW2111-0842$c20211208$lBLL01$h1942
=CAT  \\$aIPL-CLA$c20211231$lBLL01$h1543
=CFI  0\$aCurrent copyright fee: GBP39.00$c35\0$e01-jan-2022$fGBP39.00$g0$hP$5Uk
=CFI  2\$aPrevious Copyright Fee: GBP32.00$c35\0$e01-jan-2020$fGBP32.00$g0$hP$5Uk
=EST  \\$a1
=FFP  \\$aY$bBLDSS-3PM
=FIN  \\$aY$d20051123
=MNI  \\$a1099-498X
=SID  \\$aZ39$bOCLC
=TCO  \\$aTRS$bCCC$c008
=TCO  \\$aCLA$bCLA$c008
=TOC  \\$aETOC
=UNO  \\$aY
=ACF  \\$aPrevious Copyright Fee: GBP17.00$c35\0$e01-apr-2005$fGBP17.00$g0$hP$5Uk
=ACF  \\$aPrevious copyright fee: GBP22.00$c35\0$e01-jan-2011$fGBP22.00$g0$hP$5Uk
=ACF  \\$aPrevious copyright fee: GBP24.00$c35\0$e01-mar-2015$fGBP24.00$g0$hP$5Uk
=ACF  \\$aPrevious copyright fee: GBP28.00$c35\0$e01-jan-2019$fGBP28.00$g0$hP$5Uk
=LAS  \\$aIPL-CLA$b00$c20211231$lBLL01$h1543

