=LDR  04354cas a2201057 a 4500
=001  013344227
=003  Uk
=005  20221016111953.0
=006  m\\\\\\\\d\\\\\\\\
=007  cr\cn|||||||||
=008  000405c19909999enkqr\p\o\\\\\0\\\a0eng\d
=FMT  \\$a  SE
=010  \\$a00238297
=015  \\$aGBA599902$2bnb
=022  0\$a1099-1530$y1045-6740
=037  \\$aISSN_10456740$bPortico$nWiley
=040  \\$aIUL$cIUL$dNSD$dOCLCQ$dMYG$dOCLCQ$dMUQ$dOCL$dUk
=042  \\$ansdp$aukblsr
=050  14$aGB641$b.P39
=082  04$a551.3805
=130  0\$aPermafrost and periglacial processes (Online)
=210  0\$aPermafr. periglac. process.$b(Online)
=222  \0$aPermafrost and periglacial processes$b(Online)
=245  10$aPermafrost and periglacial processes$h[electronic resource].
=260  \\$aChichester, Sussex, England :$bWiley
=310  \\$aQuarterly
=336  \\$atext$2rdacontent
=337  \\$acomputer$2rdamedia
=338  \\$aonline resource$2rdacarrier
=362  1\$aPrint began with vol. 1, issue no. 1 (Jan.-Mar. 1990).
=500  \\$aDescription based on: Vol 7, issue 1 (Jan. 1, 1996); title from journal home page.
=500  \\$aLatest issue consulted: Vol. 13 issue 2 (Apr./June 2002).
=506  \\$aText and graphics (electronic journal).
=515  \\$aSome issues published combined.
=520  \\$aAbstracts and full-text (PDF only), 1997- ; abstracts only, 1996.
=530  \\$aAlso issued in print.
=538  \\$aMode of access: World Wide Web.
=540  \\$aCurrent copyright fee: GBP39.00$c35\0$5Uk
=650  \0$aFrozen ground$vPeriodicals.
=650  \6$aSols gelés$xPériodiques.
=650  \6$aPériglaciaire$xPériodiques.
=710  2\$aWiley InterScience (Online service)
=776  1\$tPermafrost and periglacial processes$x1045-6740
=859  \\$aELD$bejournal
=856  \\$31850-9999$uhttp://onlinelibrary.wiley.com/$xBLDSS
=852  41$aBritish Library$bSTI$jELD Digital store$3Volume 24:Number 1(2013:Jan./Mar.)-***Previous issues available in print copy
=852  41$aBritish Library$bDSC$j6426.685000$3Volume 17:Issue 1(2006)-Volume 22:Issue 4(2011)***See ESTAR for full holdings.
=945  \\$aPERMAFROST AND PERIGLACIAL PROCESSES.
=959  \\$fHeld but not currently received
=979  \\$aBritish Library$bDSC$j6426.685000
=CAT  \\$a7332$b40$c20051123$lBLL01$h1129
=CAT  \\$aBATCH-UPD$b40$c20101116$lBLL01$h1334
=CAT  \\$aIPL-CLA$c20101231$lBLL01$h1516
=CAT  \\$aCDS12-UPD$b40$c20120402$lBLL01$h1434
=CAT  \\$aWR12_168$c20121206$lBLL01$h1816
=CAT  \\$aWR13.005$c20130323$lBLL01$h1329
=CAT  \\$a8456$b40$c20130522$lBLL01$h0855
=CAT  \\$aWR13.114$c20130717$lBLL01$h1313
=CAT  \\$aBATCH-PORT$c20130829$lBLL01$h1114
=CAT  \\$aWR14_009$c20140204$lBLL01$h2342
=CAT  \\$aWR14_140$c20140905$lBLL01$h1810
=CAT  \\$aBLDSS-3PM$b00$c20141214$lBLL01$h1523
=CAT  \\$aBATCH-UPD$b00$c20150215$lBLL01$h1656
=CAT  \\$aIPL-CLA$c20150228$lBLL01$h2049
=CAT  \\$aBATCH-UPD$b00$c20160524$lBLL01$h1107
=CAT  \\$aW1711-1005$c20171206$lBLL01$h1817
=CAT  \\$aBATCH-UPD$b00$c20180219$lBLL01$h1747
=CAT  \\$aBATCH-UPD$b00$c20181121$lBLL01$h1622
=CAT  \\$aIPL-CLA$c20181231$lBLL01$h1543
=CAT  \\$aR1911-0245$c20191127$lBLL01$h0823
=CAT  \\$aR1911-0245$c20191127$lBLL01$h1045
=CAT  \\$aIPL-CLA$c20191231$lBLL01$h1936
=CAT  \\$a5410$b40$c20200823$lBLL01$h2322
=CAT  \\$aW2111-0842$c20211208$lBLL01$h1942
=CAT  \\$aIPL-CLA$c20211231$lBLL01$h1543
=CAT  \\$a5410$b40$c20221016$lBLL01$h1119
=CFI  0\$aCurrent copyright fee: GBP39.00$c35\0$e01-jan-2022$fGBP39.00$g0$hP$5Uk
=CFI  2\$aPrevious Copyright Fee: GBP32.00$c35\0$e01-jan-2020$fGBP32.00$g0$hP$5Uk
=EST  \\$a1
=FFP  \\$aY$bBLDSS-3PM
=FIN  \\$aY$d20051123
=MNI  \\$a1045-6740
=SID  \\$aZ39$bOCLC
=TCO  \\$aCLA$bCLA$c008
=TOC  \\$aETOC
=UNO  \\$aY
=ACF  \\$aPrevious Copyright Fee: GBP17.00$c35\0$e01-apr-2005$fGBP17.00$g0$hP$5Uk
=ACF  \\$aPrevious copyright fee: GBP22.00$c35\0$e01-jan-2011$fGBP22.00$g0$hP$5Uk
=ACF  \\$aPrevious copyright fee: GBP24.00$c35\0$e01-mar-2015$fGBP24.00$g0$hP$5Uk
=ACF  \\$aPrevious copyright fee: GBP28.00$c35\0$e01-jan-2019$fGBP28.00$g0$hP$5Uk
=LAS  \\$a5410$b40$c20221016$lBLL01$h1119

