=LDR  04366cas a2201069 a 4500
=001  013344233
=003  Uk
=005  20211231154318.0
=006  m\\\\\\\\u\\\\\\\\
=007  cr\cnu\\\\\\\\
=008  971230c19699999enkmn1pss\\\\\0\\\a0eng\d
=FMT  \\$a  SE
=010  \\$asn 97001337
=015  \\$aGBA599904$2bnb
=022  0\$a1096-9896
=037  \\$aISSN_00223417$bPortico$nWiley
=040  \\$aNSD$cNSD$dOCL$dNSD$dOCLCQ$dDLC$dIUL$dUk
=042  \\$ansdp$aukblsr
=050  14$aRB1$b. J682
=082  04$a616.07$222
=130  0\$aJournal of pathology (Online)
=210  0\$aJ. pathol.$b(Online)
=222  \0$aJournal of pathology$b(Online)
=245  14$aThe Journal of pathology$h[electronic resource].
=260  \\$aChichester ;$aNew York, NY :$bJohn Wiley & Sons
=310  \\$aMonthly, plus 1 additional issue,$b1999-
=321  \\$aTwelve no. a year,$b-1998
=336  \\$atext$2rdacontent
=337  \\$acomputer$2rdamedia
=338  \\$aonline resource$2rdacarrier
=362  1\$aBegan with: Vol. 97, issue 1 (Jan. 1969)-
=500  \\$aDescription based on: Vol. 178, issue 1 (Jan. 1996); title from table of contents (viewed Jan. 11, 2001).
=500  \\$aLatest issue consulted: Vol. 207, issue 4 (Dec. 2005); viewed: Nov. 9, 2005.
=525  \\$aSome vols. have supplements.
=530  \\$aAlso issued in print.
=538  \\$aMode of access: World Wide Web.
=550  \\$aIssued by: Pathological Society of Great Britain and Ireland.
=540  \\$aCurrent copyright fee: GBP46.00$c35\0$5Uk
=650  \0$aPathology$vPeriodicals.
=710  2\$aWiley InterScience (Online service)
=710  2\$aPathological Society of Great Britain and Ireland.
=776  1\$tJournal of pathology$x0022-3417
=780  00$tJournal of pathology and bacteriology (Online)
=780  05$tDiagnostic histopathology
=859  \\$aELD$bejournal
=856  \\$31850-9999$uhttp://onlinelibrary.wiley.com/$xBLDSS
=852  41$aBritish Library$bSTI$jELD Digital store$3Volume 229:Issue 1(2013)-***Previous issues available in print copy
=852  41$aBritish Library$bDSC$j5029.900000$3Volume 194:Issue 3(2001)-Volume 234:Issue 4(2014)***See ESTAR for full holdings.
=945  \\$aJOURNAL OF PATHOLOGY.
=959  \\$fHeld but not currently received
=985  \\$aCONFERENCE ANALYTIC RECORDS EXIST
=CAT  \\$a8141$b40$c20051123$lBLL01$h1131
=CAT  \\$aWR12_168$c20121206$lBLL01$h1816
=CAT  \\$aWR13.005$c20130323$lBLL01$h1329
=CAT  \\$aWR13.114$c20130717$lBLL01$h1313
=CAT  \\$aBATCH-PORT$c20130829$lBLL01$h1114
=CAT  \\$a10934$b40$c20131204$lBLL01$h1144
=CAT  \\$aWR14_009$c20140204$lBLL01$h2343
=CAT  \\$aWR14_140$c20140905$lBLL01$h1810
=CAT  \\$aBLDSS-3PM$b00$c20141214$lBLL01$h1523
=CAT  \\$aBATCH-UPD$b00$c20150215$lBLL01$h1656
=CAT  \\$aIPL-CLA$c20150228$lBLL01$h2049
=CAT  \\$aCDS15-UPD$b40$c20150918$lBLL01$h1639
=CAT  \\$aBATCH-UPD$b40$c20160519$lBLL01$h1559
=CAT  \\$aW1711-1005$c20171206$lBLL01$h1817
=CAT  \\$aBATCH-UPD$b00$c20180219$lBLL01$h1747
=CAT  \\$aBATCH-UPD$b00$c20181121$lBLL01$h1622
=CAT  \\$aIPL-CLA$c20181231$lBLL01$h1543
=CAT  \\$a5410$b40$c20190904$lBLL01$h1121
=CAT  \\$aR1911-0245$c20191127$lBLL01$h0945
=CAT  \\$aR1911-0245$c20191127$lBLL01$h1045
=CAT  \\$aIPL-CLA$c20191231$lBLL01$h1936
=CAT  \\$a12654$b40$c20210601$lBLL01$h0726
=CAT  \\$a5410$b40$c20210825$lBLL01$h1106
=CAT  \\$a5410$b40$c20210825$lBLL01$h1107
=CAT  \\$aW2111-0842$c20211209$lBLL01$h1035
=CAT  \\$aIPL-CLA$c20211231$lBLL01$h1543
=CFI  0\$aCurrent copyright fee: GBP46.00$c35\0$e01-jan-2022$fGBP46.00$g0$hP$5Uk
=CFI  2\$aPrevious Copyright Fee: GBP39.00$c35\0$e01-jan-2020$fGBP39.00$g0$hP$5Uk
=EST  \\$a1
=FFP  \\$aY$bBLDSS-3PM
=FIN  \\$aY$d20051123
=MNI  \\$a0022-3417
=SID  \\$aZ39$bOCLC
=TCO  \\$aCLA$bCLA$c008
=TOC  \\$aETOC
=UNO  \\$aY
=ACF  \\$aPrevious Copyright Fee: GBP17.00$c35\0$e01-apr-2005$fGBP17.00$g0$hP$5Uk
=ACF  \\$aPrevious copyright fee: GBP22.00$c35\0$e01-jan-2011$fGBP22.00$g0$hP$5Uk
=ACF  \\$aPrevious copyright fee: GBP24.00$c35\0$e01-mar-2015$fGBP24.00$g0$hP$5Uk
=ACF  \\$aPrevious copyright fee: GBP28.00$c35\0$e01-jan-2019$fGBP28.00$g0$hP$5Uk
=LAS  \\$aIPL-CLA$b00$c20211231$lBLL01$h1543

