=LDR  04151cas a2201021 a 4500
=001  013344244
=003  Uk
=005  20211231154318.0
=006  m\\\\\o\\d\\\\\\\\
=007  cr\cnu||||||||
=008  990624c19719999nyubr1pso\\\\\0\\\a0eng\d
=FMT  \\$a  SE
=010  \\$a2001212331
=015  \\$aGBB350822$2bnb
=022  0\$a1099-0992
=037  \\$aISSN_00462772$bPortico$nWiley
=040  \\$aDLM$cDLM$dNSD$dOCLCQ$dUk
=042  \\$ansdp$aukblsr
=082  04$a302$222
=130  0\$aEuropean journal of social psychology (Online)
=210  0\$aEur. j. soc. psychol.$b(Online)
=222  \0$aEuropean journal of social psychology$b(Online)
=245  10$aEuropean journal of social psychology$h[electronic resource].
=260  \\$aNew York :$bWiley
=310  \\$aBimonthly,$b<1988->
=321  \\$aQuarterly,$b1971-Oct./Dec. 1987
=336  \\$atext$2rdacontent
=337  \\$acomputer$2rdamedia
=338  \\$aonline resource$2rdacarrier
=362  1\$aPrint began in 1971.
=500  \\$aPublished in the Hague by Mouton 1971-7.
=500  \\$a"Sponsored by the European Association of Experimental Social Psychology.
=530  \\$aAlso issued by subscription via the World Wide Web.
=538  \\$aMode of access: World Wide Web.
=546  \\$aSummaries in French, German, and occasionally Russian.
=540  \\$aCurrent copyright fee: GBP39.00$c35\0$5Uk
=650  \0$aSocial psychology$vPeriodicals.
=690  7\$aSocial Welfare$2blcoll
=710  2\$aEuropean Association of Experimental Social Psychology.
=776  08$iPrint version:$tEuropean journal of social psychology$x0046-2772
=859  \\$aELD$bejournal
=856  \\$31850-9999$uhttp://onlinelibrary.wiley.com/$xBLDSS
=852  41$aBritish Library$bHMNTS$jELD Digital store$3Volume 43:Number 1(2013)-***Previous issues available in print copy
=852  41$aBritish Library$bDSC$j3829.739000$3Volume 21:Issue 5(1991)-Volume 44:Issue 7(2014)***See ESTAR for full holdings.
=945  \\$aEUROPEAN JOURNAL OF SOCIAL PSYCHOLOGY
=959  \\$fHeld but not currently received
=CAT  \\$a3072$b40$c20051123$lBLL01$h1136
=CAT  \\$aBATCH$b00$c20110625$lBLL01$h0517
=CAT  \\$aBATCH-SWP4$c20110627$lBLL01$h1559
=CAT  \\$aWR12_168$c20121206$lBLL01$h1816
=CAT  \\$a8456$b40$c20130523$lBLL01$h1528
=CAT  \\$aBATCH-CLA$b00$c20130526$lBLL01$h1628
=CAT  \\$aWR13.114$c20130717$lBLL01$h1313
=CAT  \\$aBATCH-PORT$c20130829$lBLL01$h1113
=CAT  \\$aWR14_009$c20140204$lBLL01$h2342
=CAT  \\$aBLDSS-3PM$b00$c20141214$lBLL01$h1523
=CAT  \\$aBATCH-UPD$b00$c20150215$lBLL01$h1656
=CAT  \\$aIPL-CLA$c20150228$lBLL01$h2049
=CAT  \\$aCDS15-UPD$b40$c20150918$lBLL01$h1639
=CAT  \\$aBATCH-UPD$b40$c20160530$lBLL01$h0002
=CAT  \\$aW1711-1005$c20171206$lBLL01$h1817
=CAT  \\$aBATCH-UPD$b00$c20180219$lBLL01$h1747
=CAT  \\$aBATCH-UPD$b00$c20181121$lBLL01$h1622
=CAT  \\$aIPL-CLA$c20181231$lBLL01$h1543
=CAT  \\$a5410$b40$c20191115$lBLL01$h1349
=CAT  \\$aR1911-0245$c20191127$lBLL01$h0823
=CAT  \\$aR1911-0245$c20191127$lBLL01$h1045
=CAT  \\$aIPL-CLA$c20191231$lBLL01$h1936
=CAT  \\$a8055$b40$c20200828$lBLL01$h1232
=CAT  \\$a5410$b40$c20200930$lBLL01$h1210
=CAT  \\$aW2111-0842$c20211208$lBLL01$h1942
=CAT  \\$aIPL-CLA$c20211231$lBLL01$h1543
=CFI  0\$aCurrent copyright fee: GBP39.00$c35\0$e01-jan-2022$fGBP39.00$g0$hP$5Uk
=CFI  2\$aPrevious Copyright Fee: GBP32.00$c35\0$e01-jan-2020$fGBP32.00$g0$hP$5Uk
=EST  \\$a1
=FFP  \\$aY$bBLDSS-3PM
=FIN  \\$aY$d20051123
=MNI  \\$a0046-2772
=SID  \\$aZ39$bOCLC
=TCO  \\$aTRS$bCCC$c008
=TCO  \\$aCLA$bCLA$c008
=TOC  \\$aETOC
=UNO  \\$aY
=ACF  \\$aPrevious Copyright Fee: GBP17.00$c35\0$e01-apr-2005$fGBP17.00$g0$hP$5Uk
=ACF  \\$aPrevious copyright fee: GBP22.00$c35\0$e01-jan-2011$fGBP22.00$g0$hP$5Uk
=ACF  \\$aPrevious copyright fee: GBP24.00$c35\0$e01-mar-2015$fGBP24.00$g0$hP$5Uk
=ACF  \\$aPrevious copyright fee: GBP28.00$c35\0$e01-jan-2019$fGBP28.00$g0$hP$5Uk
=LAS  \\$aIPL-CLA$b00$c20211231$lBLL01$h1543

