=LDR  03972cas a2201009 a 4500
=001  013344255
=003  Uk
=005  20230417085927.0
=006  m\\\\\o\\d\\\\\\\\
=007  cr\cn\||||||||
=008  990902c20009999enkmr1p\o\\\\\0\\\a0eng\d
=FMT  \\$a  SE
=010  \\$asn 99004424
=015  \\$aGBA599905$2bnb
=022  0\$a1526-4998
=037  \\$aISSN_1526498X$bPortico$nWiley
=040  \\$aNSD$cNSD$dTJC$dOCLCQ$dOCL$dUk
=042  \\$ansdp$aukblsr
=082  04$a632.9$222
=130  0\$aPest management science (Online)
=210  0\$aPest manag. sci.$b(Online)
=222  \0$aPest management science$b(Online)
=245  10$aPest management science$h[electronic resource].
=260  \\$aWest Sussex, UK :$bPublished for SCI by Wiley,$cc2000-
=310  \\$aMonthly
=336  \\$atext$2rdacontent
=337  \\$acomputer$2rdamedia
=338  \\$aonline resource$2rdacarrier
=362  0\$aVol. 56, issue 1 (Jan. 2000)-
=500  \\$aTitle from table of contents (viewed Jan. 12, 2000).
=530  \\$aAlso issued in print.
=538  \\$aMode of access: World Wide Web.
=550  \\$aIssued by: Society of Chemical Industry (Great Britain).
=540  \\$aCurrent Copyright Fee: GBP46.00$c35\0$5Uk
=650  \0$aPests$xControl$vPeriodicals.
=650  \0$aPesticides$vPeriodicals.
=710  2\$aSociety of Chemical Industry (Great Britain)
=710  2\$aWiley InterScience (Online service)
=776  1\$tPest management science$x1526-498X
=780  00$tPesticide science (Online)$x1096-9063
=859  \\$aELD$bejournal
=856  \\$31850-9999$uhttp://onlinelibrary.wiley.com/$xBLDSS
=852  41$aBritish Library$bSTI$jELD Digital store$3Volume 69:Issue 1(2013:Jan.)-***Previous issues available in print copy
=852  41$aBritish Library$bDSC$j6428.332000$3Volume 62:Issue 1(2006)-Volume 74:Issue 4(2018)***See ESTAR for full holdings.
=945  \\$aPEST MANAGEMENT SCIENCE.
=959  \\$fHeld but not currently received
=979  \\$aBritish Library$bDSC$j6428.332000
=CAT  \\$a7332$b40$c20051123$lBLL01$h1141
=CAT  \\$aBATCH-UPD$b40$c20101116$lBLL01$h1334
=CAT  \\$aIPL-CLA$c20101231$lBLL01$h1516
=CAT  \\$aWR12_168$c20121206$lBLL01$h1816
=CAT  \\$a8456$b40$c20130522$lBLL01$h0826
=CAT  \\$aWR13.114$c20130717$lBLL01$h1313
=CAT  \\$aBATCH-PORT$c20130829$lBLL01$h1114
=CAT  \\$aWR14_009$c20140204$lBLL01$h2343
=CAT  \\$aWR14_140$c20140905$lBLL01$h1810
=CAT  \\$aBLDSS-3PM$b00$c20141214$lBLL01$h1523
=CAT  \\$aBATCH-UPD$b00$c20150215$lBLL01$h1656
=CAT  \\$aIPL-CLA$c20150228$lBLL01$h2049
=CAT  \\$aBATCH-UPD$b00$c20160519$lBLL01$h1746
=CAT  \\$aW1711-1005$c20171206$lBLL01$h1817
=CAT  \\$aBATCH-UPD$b00$c20180219$lBLL01$h1747
=CAT  \\$aW1805-0471$c20180520$lBLL01$h1139
=CAT  \\$aBATCH-UPD$b00$c20181121$lBLL01$h1622
=CAT  \\$aIPL-CLA$c20181231$lBLL01$h1543
=CAT  \\$aR1911-0245$c20191127$lBLL01$h1015
=CAT  \\$aR1911-0245$c20191127$lBLL01$h1031
=CAT  \\$aR1911-0245$c20191127$lBLL01$h1035
=CAT  \\$aIPL-CLA$c20191231$lBLL01$h1936
=CAT  \\$a5410$b40$c20230314$lBLL01$h1513
=CAT  \\$a15020$b40$c20230417$lBLL01$h0857
=CAT  \\$a15020$b40$c20230417$lBLL01$h0858
=CAT  \\$a15020$b40$c20230417$lBLL01$h0859
=CFI  0\$aCurrent Copyright Fee: GBP46.00$c35\0$e01-jan-2020$fGBP46.00$g0$hP$5Uk
=CFI  2\$aPrevious copyright fee: GBP28.00$c35\0$e01-jan-2019$fGBP28.00$g0$hP$5Uk
=EST  \\$a1
=FFP  \\$aY$bBLDSS-3PM
=FIN  \\$aY$d20051123
=MNI  \\$a1526-498X
=SID  \\$aZ39$bOCLC
=TCO  \\$aCLA$bCLA$c008
=TOC  \\$aETOC
=UNO  \\$aY
=ACF  \\$aPrevious Copyright Fee: GBP17.00$c35\0$e01-apr-2005$fGBP17.00$g0$hP$5Uk
=ACF  \\$aPrevious copyright fee: GBP22.00$c35\0$e01-jan-2011$fGBP22.00$g0$hP$5Uk
=ACF  \\$aPrevious copyright fee: GBP24.00$c35\0$e01-mar-2015$fGBP24.00$g0$hP$5Uk
=LAS  \\$a15020$b40$c20230417$lBLL01$h0859

