=LDR  04282cas a2200973 a 4500
=001  013344331
=003  Uk
=005  20221016112201.0
=006  m\\\\\\\\d\\\\\\\\
=007  cr\cnu\\\\\\\\
=008  020916c20039999enkqx\pss\\\\\0\\\a0eng\c
=FMT  \\$a  SE
=010  \\$a2002215188
=015  \\$aGBA599923$2bnb
=022  0\$a1541-7808
=037  \\$aISSN_15417794$bPortico$nWiley
=040  \\$aNSD$cNSD$dOCLCQ$dEEM$dOCL$dUk
=042  \\$aukblsr
=050  14$aTH1611$b.S77
=082  04$a690.1$222
=130  0\$aStructural design of tall and special buildings (Online)
=222  \4$aThe structural design of tall and special buildings$b(Online)
=245  14$aThe structural design of tall and special buildings$h[electronic resource].
=260  \\$aChichester, U.K. :$bJohn Wiley & Sons,$c2003-
=310  \\$a5 no. a year
=336  \\$atext$2rdacontent
=337  \\$acomputer$2rdamedia
=338  \\$aonline resource$2rdacarrier
=362  0\$aVol. 12, issue 1 (Mar. 2003)-
=500  \\$aTitle from PDF caption (publisher's Web site, viewed Apr. 19, 2005).
=520  \\$a"Provides structural engineers and contractors with a detailed written presentation of innovative structural engineering and construction practices for tall and special buildings. It also presents applied research on new materials or analysis methods that can directly benefit structural engineers involved in the design of tall and special buildings."
=530  \\$aAlso issued in print.
=538  \\$aMode of access: World Wide Web.
=540  \\$aCurrent Copyright Fee: GBP39.00$c35\0$5Uk
=650  \0$aTall buildings$xDesign and construction$vPeriodicals.
=650  \0$aStructural design$vPeriodicals.
=776  1\$tStructural design of tall and special buildings$x1541-7794
=780  00$tStructural design of tall buildings (Online)$x1099-1794
=859  \\$aELD$bejournal
=856  \\$31850-9999$uhttp://onlinelibrary.wiley.com/$xBLDSS
=852  41$aBritish Library$bDSC$j8476.927000$3Volume 14:Issue 5(2005)-Volume 23:Issue 18(2014)***See ESTAR for full holdings.
=852  41$aBritish Library$bHMNTS$jELD Digital store$3Volume 22:Issue 1(2013)-***Previous issues available in print copy
=945  \\$aSTRUCTURAL DESIGN OF TALL AND SPECIAL BUILDINGS.
=959  \\$fHeld but not currently received
=979  \\$aBritish Library$bDSC$j8476.927000
=CAT  \\$a8141$b40$c20051123$lBLL01$h1229
=CAT  \\$aBATCH-UPD$b40$c20060901$lBLL01$h0959
=CAT  \\$aBATCH-UPD$b40$c20060901$lBLL01$h1030
=CAT  \\$aBATCH-UPD$b40$c20101116$lBLL01$h1334
=CAT  \\$aIPL-CLA$c20101231$lBLL01$h1516
=CAT  \\$aWR13.005$c20130323$lBLL01$h1329
=CAT  \\$aWR13.114$c20130717$lBLL01$h1313
=CAT  \\$aBATCH-PORT$c20130829$lBLL01$h1114
=CAT  \\$a11316$b40$c20131212$lBLL01$h1211
=CAT  \\$aWR14_009$c20140204$lBLL01$h2343
=CAT  \\$aWR14_140$c20140905$lBLL01$h1810
=CAT  \\$aBLDSS-3PM$b00$c20141214$lBLL01$h1523
=CAT  \\$aBATCH-UPD$b00$c20150215$lBLL01$h1656
=CAT  \\$aIPL-CLA$c20150228$lBLL01$h2049
=CAT  \\$aCDS15-UPD$b40$c20150918$lBLL01$h1639
=CAT  \\$aBATCH-UPD$b40$c20160519$lBLL01$h1817
=CAT  \\$aW1711-1005$c20171206$lBLL01$h1817
=CAT  \\$aBATCH-UPD$b00$c20180219$lBLL01$h1747
=CAT  \\$aBATCH-UPD$b00$c20181121$lBLL01$h1622
=CAT  \\$aIPL-CLA$c20181231$lBLL01$h1543
=CAT  \\$aR1911-0245$c20191127$lBLL01$h0944
=CAT  \\$aR1911-0245$c20191127$lBLL01$h1045
=CAT  \\$aIPL-CLA$c20191231$lBLL01$h1936
=CAT  \\$a5410$b40$c20200212$lBLL01$h0905
=CAT  \\$a5410$b40$c20221016$lBLL01$h1122
=CFI  0\$aCurrent Copyright Fee: GBP39.00$c35\0$e01-jan-2020$fGBP39.00$g0$hP$5Uk
=CFI  2\$aPrevious copyright fee: GBP28.00$c35\0$e01-jan-2019$fGBP28.00$g0$hP$5Uk
=EST  \\$a1
=FFP  \\$aY$bBLDSS-3PM
=FIN  \\$aY$d20051123
=MNI  \\$a1541-7794
=SID  \\$aZ39$bOCLC
=TCO  \\$aCLA$bCLA$c008
=TOC  \\$aETOC
=UNO  \\$aY
=ACF  \\$aPrevious Copyright Fee: GBP17.00$c35\0$e01-apr-2005$fGBP17.00$g0$hP$5Uk
=ACF  \\$aPrevious copyright fee: GBP22.00$c35\0$e01-jan-2011$fGBP22.00$g0$hP$5Uk
=ACF  \\$aPrevious copyright fee: GBP24.00$c35\0$e01-mar-2015$fGBP24.00$g0$hP$5Uk
=LAS  \\$a5410$b40$c20221016$lBLL01$h1122

