=LDR  04031cas a2200997 a 4500
=001  013344348
=003  Uk
=005  20230317134515.0
=006  m\\\\\\\\d\\\\\\\\
=007  cr\mnu||||||||
=008  000519c19929999enkbr\p\o\\\\\0\\\a0eng\d
=FMT  \\$a  SE
=010  \\$a2001212290
=015  \\$aGBB350358$2bnb
=022  0\$a1099-1557$y1053-8569
=037  \\$aISSN_10538569$bPortico$nWiley
=040  \\$aOH1$cOH1$dNSD$dOCLCQ$dMUQ$dOCL$dUk
=042  \\$ansdp$aukblsr
=082  04$a615.705$222
=130  0\$aPharmacoepidemiology and drug safety (Online)
=210  0\$aPharmacoepidemiol. drug saf.$b(Online)
=222  \0$aPharmacoepidemiology and drug safety$b(Online)
=245  10$aPharmacoepidemiology and drug safety$h[electronic resource].
=260  \\$aChichester ;$aNew York :$bJ. Wiley & Sons
=310  \\$aBimonthly
=336  \\$atext$2rdacontent
=337  \\$acomputer$2rdamedia
=338  \\$aonline resource$2rdacarrier
=362  1\$aPrint began with vol. 1, no. 1 (Jan.-Feb. 1992).
=500  \\$aDescription based on: Vol. 6, issue 1 (Jan. 1997); title from general information screen (viewed May 19, 2000).
=530  \\$aAlso issued in print.
=538  \\$aMode of access: World Wide Web.
=540  \\$aCurrent Copyright Fee: GBP46.00$c35\0$5Uk
=650  \0$aPharmacoepidemiology$vPeriodicals.
=650  \0$aChemotherapy$vPeriodicals.
=650  \0$aEpidemiology$vPeriodicals.
=776  1\$tPharmacoepidemiology and drug safety$x1053-8569
=859  \\$aELD$bejournal
=856  \\$31850-9999$uhttp://onlinelibrary.wiley.com/$xBLDSS
=852  41$aBritish Library$bSTI$jELD Digital store$3Volume 22:Number 1(2013:Jan.)-***Previous issues available in print copy
=852  41$aBritish Library$bDSC$j6446.248000$3Volume 15:Issue 1(2006)-Volume 27:Issue 3(2018)***See ESTAR for full holdings.
=945  \\$aPHARMACOEPIDEMIOLOGY AND DRUG SAFETY.
=959  \\$fHeld but not currently received
=979  \\$aBritish Library$bDSC$j6446.248000
=985  \\$aCONFERENCE ANALYTIC RECORDS EXIST
=CAT  \\$a7332$b40$c20051123$lBLL01$h1304
=CAT  \\$aBATCH-UPD$b40$c20060901$lBLL01$h1030
=CAT  \\$aBATCH-UPD$b40$c20101116$lBLL01$h1334
=CAT  \\$aIPL-CLA$c20101231$lBLL01$h1516
=CAT  \\$aWR12_168$c20121206$lBLL01$h1816
=CAT  \\$aWR13.005$c20130323$lBLL01$h1329
=CAT  \\$a8456$b40$c20130522$lBLL01$h0833
=CAT  \\$aBATCH-CLA$b00$c20130526$lBLL01$h1619
=CAT  \\$aWR13.114$c20130717$lBLL01$h1313
=CAT  \\$aBATCH-PORT$c20130829$lBLL01$h1114
=CAT  \\$a8342$b40$c20131016$lBLL01$h1042
=CAT  \\$aWR14_009$c20140204$lBLL01$h2343
=CAT  \\$aBLDSS-3PM$b00$c20141214$lBLL01$h1523
=CAT  \\$aBATCH-UPD$b00$c20150215$lBLL01$h1656
=CAT  \\$aIPL-CLA$c20150228$lBLL01$h2049
=CAT  \\$aBATCH-UPD$b00$c20160517$lBLL01$h1732
=CAT  \\$aW1711-1005$c20171206$lBLL01$h1817
=CAT  \\$aBATCH-UPD$b00$c20180219$lBLL01$h1747
=CAT  \\$aW1805-0471$c20180520$lBLL01$h1139
=CAT  \\$aBATCH-UPD$b00$c20181121$lBLL01$h1622
=CAT  \\$aIPL-CLA$c20181231$lBLL01$h1543
=CAT  \\$aR1911-0245$c20191127$lBLL01$h1015
=CAT  \\$aR1911-0245$c20191127$lBLL01$h1031
=CAT  \\$aR1911-0245$c20191127$lBLL01$h1035
=CAT  \\$aIPL-CLA$c20191231$lBLL01$h1936
=CAT  \\$a5410$b40$c20230317$lBLL01$h1345
=CFI  0\$aCurrent Copyright Fee: GBP46.00$c35\0$e01-jan-2020$fGBP46.00$g0$hP$5Uk
=CFI  2\$aPrevious copyright fee: GBP28.00$c35\0$e01-jan-2019$fGBP28.00$g0$hP$5Uk
=EST  \\$a1
=FFP  \\$aY$bBLDSS-3PM
=FIN  \\$aY$d20051123
=MNI  \\$a1053-8569
=SID  \\$aZ39$bOCLC
=TCO  \\$aTRS$bCCC$c008
=TCO  \\$aCLA$bCLA$c008
=TOC  \\$aETOC
=UNO  \\$aY
=ACF  \\$aPrevious Copyright Fee: GBP17.00$c35\0$e01-apr-2005$fGBP17.00$g0$hP$5Uk
=ACF  \\$aPrevious copyright fee: GBP22.00$c35\0$e01-jan-2011$fGBP22.00$g0$hP$5Uk
=ACF  \\$aPrevious copyright fee: GBP24.00$c35\0$e01-mar-2015$fGBP24.00$g0$hP$5Uk
=LAS  \\$a5410$b40$c20230317$lBLL01$h1345

