=LDR  04115cas a2201045 a 4500
=001  013344366
=003  Uk
=005  20191231193637.0
=006  m\\\\\o\\d\\\\\\\\
=007  cr\mn|||||||||
=008  000516c19859999nyubr1pss\\\\\0\\\a0eng\d
=FMT  \\$a  SE
=010  \\$a2001212329
=015  \\$aGBB350724$2bnb
=019  c\$a2588118
=022  0\$a1099-1026$y0882-5734
=037  \\$aISSN_08825734$bPortico$nWiley
=040  \\$aOH1$cOH1$dNSD$dEYM$dOCLCQ$dWAU$dOCLCQ$dOCL$dUk
=042  \\$ansdp$aukblsr
=050  14$aTP418
=082  04$a668.54$222
=130  0\$aFlavour and fragrance journal (Online)
=210  0\$aFlavour fragr. j.$b(Online)
=222  \0$aFlavour and fragrance journal$b(Online)
=245  10$aFlavour and fragrance journal$h[electronic resource].
=260  \\$aNew York :$bJ. Wiley
=310  \\$aBimonthly
=336  \\$atext$2rdacontent
=337  \\$acomputer$2rdamedia
=338  \\$aonline resource$2rdacarrier
=362  1\$aPrint began with vol. 1, no. 1 (Nov. 1985).
=500  \\$aIncludes abstracts and tables of contents for 1996-
=500  \\$aDescription based on: Vol. 12, issue 1 (Jan. 1997); title from general information screen (viewed May 3, 2000).
=500  \\$aLatest issue consulted: Vol. 18, issue 1 (Jan./Feb. 2003).
=530  \\$aAlso issued in print.
=538  \\$aMode of access: World Wide Web.
=540  \\$aCurrent Copyright Fee: GBP39.00$c35\0$5Uk
=650  \0$aFlavor$vPeriodicals.
=650  \0$aOdors$vPeriodicals.
=650  \0$aSmell$vPeriodicals.
=776  1\$tFlavour and fragrance journal$x0882-5734
=859  \\$aELD$bejournal
=856  \\$31850-9999$uhttp://onlinelibrary.wiley.com/$xBLDSS
=852  41$aBritish Library$bSTI$jELD Digital store$3Volume 28:Number 1(2013:Jan.)-***Previous issues available in print copy
=852  41$aBritish Library$bDSC$j3950.047000$3Volume 21:Issue 1(2006)-Volume 29:Issue 6(2014)***See ESTAR for full holdings.
=945  \\$aFLAVOUR AND FRAGRANCE JOURNAL
=959  \\$fHeld but not currently received
=985  \\$aCONFERENCE ANALYTIC RECORDS EXIST
=CAT  \\$a3072$b40$c20051123$lBLL01$h1327
=CAT  \\$aBATCH-UPD$b40$c20060901$lBLL01$h1030
=CAT  \\$aBATCH-UPD$b40$c20101116$lBLL01$h1334
=CAT  \\$aBATCH-UPD$b40$c20101221$lBLL01$h0849
=CAT  \\$aIPL-CLA$c20101231$lBLL01$h1516
=CAT  \\$a8456$b40$c20120810$lBLL01$h1447
=CAT  \\$a8456$b40$c20121112$lBLL01$h1136
=CAT  \\$aWR13.005$c20130323$lBLL01$h1329
=CAT  \\$a8456$b40$c20130523$lBLL01$h1146
=CAT  \\$aBATCH-CLA$b00$c20130526$lBLL01$h1618
=CAT  \\$aWR13.114$c20130717$lBLL01$h1313
=CAT  \\$aBATCH-PORT$c20130829$lBLL01$h1113
=CAT  \\$a6162$b40$c20131022$lBLL01$h1359
=CAT  \\$aWR14_009$c20140204$lBLL01$h2342
=CAT  \\$aBLDSS-3PM$b00$c20141214$lBLL01$h1523
=CAT  \\$aBATCH-UPD$b00$c20150215$lBLL01$h1656
=CAT  \\$aIPL-CLA$c20150228$lBLL01$h2049
=CAT  \\$aCDS15-UPD$b40$c20150918$lBLL01$h1639
=CAT  \\$aBATCH-UPD$b40$c20160518$lBLL01$h1944
=CAT  \\$aW1711-1005$c20171206$lBLL01$h1817
=CAT  \\$aBATCH-UPD$b00$c20180219$lBLL01$h1747
=CAT  \\$aBATCH-UPD$b00$c20181121$lBLL01$h1622
=CAT  \\$aIPL-CLA$c20181231$lBLL01$h1543
=CAT  \\$aR1911-0245$c20191127$lBLL01$h0945
=CAT  \\$aR1911-0245$c20191127$lBLL01$h1045
=CAT  \\$aIPL-CLA$c20191231$lBLL01$h1936
=CFI  0\$aCurrent Copyright Fee: GBP39.00$c35\0$e01-jan-2020$fGBP39.00$g0$hP$5Uk
=CFI  2\$aPrevious copyright fee: GBP28.00$c35\0$e01-jan-2019$fGBP28.00$g0$hP$5Uk
=EST  \\$a1
=FFP  \\$aY$bBLDSS-3PM
=FIN  \\$aY
=MNI  \\$a0882-5734
=SID  \\$aZ39$bOCLC
=SRC  \\$bbibmp10.200404.2.aa
=TCO  \\$aTRS$bCCC$c008
=TCO  \\$aCLA$bCLA$c008
=TOC  \\$aETOC
=UNO  \\$aY
=ACF  \\$aPrevious Copyright Fee: GBP17.00$c35\0$e01-apr-2005$fGBP17.00$g0$hP$5Uk
=ACF  \\$aPrevious copyright fee: GBP22.00$c35\0$e01-jan-2011$fGBP22.00$g0$hP$5Uk
=ACF  \\$aPrevious copyright fee: GBP24.00$c35\0$e01-mar-2015$fGBP24.00$g0$hP$5Uk
=LAS  \\$aIPL-CLA$b00$c20191231$lBLL01$h1936

