=LDR  03798cas a2200973 a 4500
=001  013344368
=003  Uk
=005  20200818195515.0
=006  m\\\\\o\\d\\\\\\\\
=007  cr\mnu||||||||
=008  000519c19909999nyubr1pss\\\\\0\\\a0eng\d
=FMT  \\$a  SE
=010  \\$a2001212289
=015  \\$aGBB350670$2bnb
=022  0\$a1099-1565$y0958-0344
=037  \\$aISSN_09580344$bPortico$nWiley
=040  \\$aOH1$cOH1$dNSD$dOCL$dOCLCQ$dOCL$dUk
=042  \\$ansdp$aukblsr
=082  04$a572.2$222
=130  0\$aPhytochemical analysis (Online)
=210  0\$aPhytochem. anal.$b(Online)
=222  \0$aPhytochemical analysis$b(Online)
=245  10$aPhytochemical analysis$h[electronic resource].
=246  3\$aPCA
=260  \\$aNew York :$bJ. Wiley
=310  \\$aBimonthly
=336  \\$atext$2rdacontent
=337  \\$acomputer$2rdamedia
=338  \\$aonline resource$2rdacarrier
=362  1\$aPrint began with vol. 1, no. 1 (Sept. 1990).
=500  \\$aDescription based on: Vol. 8, issue 1 (Jan. 1997); title from general information screen (viewed May 19, 2000).
=530  \\$aAlso issued in print.
=538  \\$aMode of access: World Wide Web.
=540  \\$aCurrent Copyright Fee: GBP39.00$c35\0$5Uk
=650  \0$aPlants$xAnalysis$vPeriodicals.
=650  \2$aPlants$xchemistry$vPeriodicals.
=776  1\$tPhytochemical analysis$x0958-0344
=859  \\$aELD$bejournal
=856  \\$31850-9999$uhttp://onlinelibrary.wiley.com/$xBLDSS
=852  41$aBritish Library$bDSC$j6489.695000$3Volume 17:number 1(2006)-Volume 25:Issue 6(2014)***See ESTAR for full holdings.
=852  41$aBritish Library$bSTI$jELD Digital store$3Volume 24:Issue 1(2013:Jan.)-***Previous issues available in print copy
=945  \\$aPHYTOCHEMICAL ANALYSIS.
=959  \\$fHeld but not currently received
=979  \\$aBritish Library$bDSC$j6489.695000
=CAT  \\$a7332$b40$c20051123$lBLL01$h1328
=CAT  \\$aBATCH-UPD$b40$c20060901$lBLL01$h0959
=CAT  \\$aBATCH-UPD$b40$c20060901$lBLL01$h1030
=CAT  \\$aBATCH-UPD$b40$c20101116$lBLL01$h1334
=CAT  \\$aIPL-CLA$c20101231$lBLL01$h1516
=CAT  \\$aWR12_168$c20121206$lBLL01$h1816
=CAT  \\$aWR13.005$c20130323$lBLL01$h1329
=CAT  \\$a8456$b40$c20130523$lBLL01$h1032
=CAT  \\$aBATCH-CLA$b00$c20130526$lBLL01$h1627
=CAT  \\$aWR13.114$c20130717$lBLL01$h1313
=CAT  \\$aBATCH-PORT$c20130829$lBLL01$h1114
=CAT  \\$aWR14_009$c20140204$lBLL01$h2344
=CAT  \\$aBLDSS-3PM$b00$c20141214$lBLL01$h1523
=CAT  \\$aBATCH-UPD$b00$c20150215$lBLL01$h1656
=CAT  \\$aIPL-CLA$c20150228$lBLL01$h2049
=CAT  \\$aCDS15-UPD$b40$c20150918$lBLL01$h1639
=CAT  \\$aBATCH-UPD$b40$c20160705$lBLL01$h0934
=CAT  \\$aW1711-1005$c20171206$lBLL01$h1817
=CAT  \\$aBATCH-UPD$b00$c20180219$lBLL01$h1747
=CAT  \\$aBATCH-UPD$b00$c20181121$lBLL01$h1622
=CAT  \\$aIPL-CLA$c20181231$lBLL01$h1543
=CAT  \\$aR1911-0245$c20191127$lBLL01$h0944
=CAT  \\$aR1911-0245$c20191127$lBLL01$h1045
=CAT  \\$aIPL-CLA$c20191231$lBLL01$h1936
=CAT  \\$a5410$b40$c20200818$lBLL01$h1955
=CFI  0\$aCurrent Copyright Fee: GBP39.00$c35\0$e01-jan-2020$fGBP39.00$g0$hP$5Uk
=CFI  2\$aPrevious copyright fee: GBP28.00$c35\0$e01-jan-2019$fGBP28.00$g0$hP$5Uk
=EST  \\$a1
=FFP  \\$aY$bBLDSS-3PM
=FIN  \\$aY
=MNI  \\$a0958-0344
=SID  \\$aZ39$bOCLC
=TCO  \\$aTRS$bCCC$c008
=TCO  \\$aCLA$bCLA$c008
=TOC  \\$aETOC
=UNO  \\$aY
=ACF  \\$aPrevious Copyright Fee: GBP17.00$c35\0$e01-apr-2005$fGBP17.00$g0$hP$5Uk
=ACF  \\$aPrevious copyright fee: GBP22.00$c35\0$e01-jan-2011$fGBP22.00$g0$hP$5Uk
=ACF  \\$aPrevious copyright fee: GBP24.00$c35\0$e01-mar-2015$fGBP24.00$g0$hP$5Uk
=LAS  \\$a5410$b40$c20200818$lBLL01$h1955

