=LDR  03741cas a2200925 a 4500
=001  013344401
=003  Uk
=005  20191231193638.0
=006  m\\\\\\\\d\\\\\\\\
=007  cr\mnu\\\\\\\\
=008  990628c19519999njuqr1pss\\\\\0\\\a0eng\d
=FMT  \\$a  SE
=010  \\$a2001212328
=022  0\$a1099-1034$y0072-1050
=037  \\$aISSN_00721050$bPortico$nWiley
=040  \\$aDLM$cDLM$dNSD$dOCLCQ$dTXU$dGUA$dOCLCQ$dUk
=042  \\$ansdp$aukblsr
=050  14$aQE1
=082  04$a551$222
=130  0\$aGeological journal (Online)
=210  0\$aGeol. j.$b(Chichester Engl., Online)
=222  \0$aGeological journal$b(Chichester, England. Online)
=245  10$aGeological journal$h[electronic resource].
=260  \\$a[Hoboken, NJ] :$bJohn Wiley & Sons
=310  \\$aQuarterly
=336  \\$atext$2rdacontent
=337  \\$acomputer$2rdamedia
=338  \\$aonline resource$2rdacarrier
=362  1\$aPrint began with vol. 1, published in 1952.
=500  \\$aHas special issues with distinctive titles.
=500  \\$aDescription based on: Vol. 32, issue 1 (Mar. 1997); title from contents screen (Interscience, viewed Mar. 1, 2004).
=500  \\$aLatest issue consulted: Vol. 38, issue 3/4 (July/Dec. 2003), viewed Mar. 1, 2004.
=515  \\$aSome nos. in combined form.
=530  \\$aAlso issued in print.
=538  \\$aMode of access: World Wide Web.
=540  \\$aCurrent Copyright Fee: GBP39.00$c35\0$5Uk
=650  \0$aGeology$vPeriodicals.
=776  08$iPrint version:$tGeological journal$x0072-1050
=859  \\$aELD$bejournal
=856  \\$31850-9999$uhttp://onlinelibrary.wiley.com/$xBLDSS
=852  41$aBritish Library$bHMNTS$jELD Digital store$3Volume 48:Number 1(2013)-***Previous issues available in print copy
=852  41$aBritish Library$bDSC$j4133.600000$3Volume 41:Issue 1(2006)-Volume 49:Issue 6(2014)***See ESTAR for full holdings.
=945  \\$aGEOLOGICAL JOURNAL
=959  \\$fHeld but not currently received
=CAT  \\$a3072$b40$c20051123$lBLL01$h1347
=CAT  \\$a3072$b40$c20051123$lBLL01$h1354
=CAT  \\$aBATCH-UPD$b40$c20060901$lBLL01$h0959
=CAT  \\$aBATCH-UPD$b40$c20060901$lBLL01$h1030
=CAT  \\$aBATCH-UPD$b40$c20101116$lBLL01$h1334
=CAT  \\$aIPL-CLA$c20101231$lBLL01$h1516
=CAT  \\$aWR12_168$c20121206$lBLL01$h1816
=CAT  \\$aWR13.114$c20130717$lBLL01$h1313
=CAT  \\$aBATCH-PORT$c20130829$lBLL01$h1113
=CAT  \\$aWR14_009$c20140204$lBLL01$h2344
=CAT  \\$aBLDSS-3PM$b00$c20141214$lBLL01$h1523
=CAT  \\$aBATCH-UPD$b00$c20150215$lBLL01$h1656
=CAT  \\$aIPL-CLA$c20150228$lBLL01$h2049
=CAT  \\$aCDS15-UPD$b40$c20150918$lBLL01$h1639
=CAT  \\$aBATCH-UPD$b40$c20160607$lBLL01$h1802
=CAT  \\$aW1711-1005$c20171206$lBLL01$h1817
=CAT  \\$aBATCH-UPD$b00$c20180219$lBLL01$h1747
=CAT  \\$aBATCH-UPD$b00$c20181121$lBLL01$h1622
=CAT  \\$aIPL-CLA$c20181231$lBLL01$h1543
=CAT  \\$aR1911-0245$c20191127$lBLL01$h0945
=CAT  \\$aR1911-0245$c20191127$lBLL01$h1045
=CAT  \\$aIPL-CLA$c20191231$lBLL01$h1936
=CFI  0\$aCurrent Copyright Fee: GBP39.00$c35\0$e01-jan-2020$fGBP39.00$g0$hP$5Uk
=CFI  2\$aPrevious copyright fee: GBP28.00$c35\0$e01-jan-2019$fGBP28.00$g0$hP$5Uk
=EST  \\$a1
=FFP  \\$aY$bBLDSS-3PM
=FIN  \\$aY$d20051123
=MNI  \\$a0072-1050
=SID  \\$aZ39$bOCLC
=TCO  \\$aTRS$bCCC$c008
=TOC  \\$aETOC
=UNO  \\$aY
=ACF  \\$aPrevious Copyright Fee: GBP17.00$c35\0$e01-apr-2005$fGBP17.00$g0$hP$5Uk
=ACF  \\$aPrevious copyright fee: GBP22.00$c35\0$e01-jan-2011$fGBP22.00$g0$hP$5Uk
=ACF  \\$aPrevious copyright fee: GBP24.00$c35\0$e01-mar-2015$fGBP24.00$g0$hP$5Uk
=LAS  \\$aIPL-CLA$b00$c20191231$lBLL01$h1936

