=LDR  04184cas a2201045 a 4500
=001  013344412
=003  Uk
=005  20211231154318.0
=006  m\\\\\o\\d\\\\\\\\
=007  cr\mn|||||||||
=008  000519c19879999nyubx1pso\\\\\0\\\a0eng\d
=FMT  \\$a  SE
=010  \\$a2001212288
=015  \\$aGBB350672$2bnb
=022  0\$a1099-1573$y0951-418X
=037  \\$aISSN_0951418X$bPortico$nWiley
=040  \\$aOH1$cOH1$dNSD$dEYM$dOCL$dOCLCQ$dOCL$dUk
=042  \\$ansdp$aukblsr
=050  14$aRS164$b.P48
=082  04$a581.634$222
=130  0\$aPhytotherapy research (Online)
=210  0\$aPhytother. res.$b(Online)
=222  \0$aPhytotherapy research$b(Online)
=245  10$aPhytotherapy research$h[electronic resource].
=246  13$aPTR
=260  \\$aNew York :$bJ. Wiley
=310  \\$aEight no. a year
=336  \\$atext$2rdacontent
=337  \\$acomputer$2rdamedia
=338  \\$aonline resource$2rdacarrier
=362  1\$aPrint began with vol. 1, no. 1 (Mar. 1987).
=500  \\$aDescription based on: Vol. 11, issue 1 (Feb. 1997); title from general information screen (viewed May 19, 2000).
=500  \\$aLatest issue consulted: Vol. 15, issue 4 (June 2001).
=530  \\$aAlso issued in print.
=538  \\$aMode of access: World Wide Web.
=540  \\$aCurrent copyright fee: GBP46.00$c35\0$5Uk
=650  \0$aMateria medica, Vegetable$vPeriodicals.
=650  \0$aBotany, Medical$vPeriodicals.
=650  \0$aMedicinal plants$vPeriodicals.
=650  \2$aPlant Extracts$xtherapeutic use$vPeriodicals.
=650  \2$aPlants, Medicinal$vPeriodicals.
=776  1\$tPTR. Phytotherapy research$x0951-418X
=859  \\$aELD$bejournal
=856  \\$31850-9999$uhttp://onlinelibrary.wiley.com/$xBLDSS
=852  41$aBritish Library$bSTI$jELD Digital store$3Volume 27:Number 1(2013:Jan.)-***Previous issues available in print copy
=852  41$aBritish Library$bDSC$j6497.060000$3Volume 10:Issue 7(1996)-Volume 28:Issue 12(2014)***See ESTAR for full holdings.
=945  \\$aPHYTOTHERAPY RESEARCH.
=959  \\$fHeld but not currently received
=979  \\$aBritish Library$bDSC$j6497.060000
=CAT  \\$a7332$b40$c20051123$lBLL01$h1351
=CAT  \\$aBATCH-UPD$b40$c20060901$lBLL01$h1030
=CAT  \\$aBATCH-UPD$b40$c20101116$lBLL01$h1334
=CAT  \\$aIPL-CLA$c20101231$lBLL01$h1516
=CAT  \\$a8871$b40$c20110210$lBLL01$h1016
=CAT  \\$aWR12_168$c20121206$lBLL01$h1816
=CAT  \\$aWR13.005$c20130323$lBLL01$h1329
=CAT  \\$a8456$b40$c20130523$lBLL01$h1034
=CAT  \\$aWR13.114$c20130717$lBLL01$h1313
=CAT  \\$aBATCH-PORT$c20130829$lBLL01$h1114
=CAT  \\$aWR14_009$c20140204$lBLL01$h2344
=CAT  \\$aBLDSS-3PM$b00$c20141214$lBLL01$h1523
=CAT  \\$aBATCH-UPD$b00$c20150215$lBLL01$h1656
=CAT  \\$aIPL-CLA$c20150228$lBLL01$h2049
=CAT  \\$aCDS15-UPD$b40$c20150918$lBLL01$h1639
=CAT  \\$aBATCH-UPD$b40$c20160519$lBLL01$h1753
=CAT  \\$aW1711-1005$c20171206$lBLL01$h1817
=CAT  \\$aBATCH-UPD$b00$c20180219$lBLL01$h1747
=CAT  \\$aBATCH-UPD$b00$c20181121$lBLL01$h1622
=CAT  \\$aIPL-CLA$c20181231$lBLL01$h1543
=CAT  \\$aR1911-0245$c20191127$lBLL01$h0944
=CAT  \\$aR1911-0245$c20191127$lBLL01$h1045
=CAT  \\$aIPL-CLA$c20191231$lBLL01$h1936
=CAT  \\$a5410$b40$c20200818$lBLL01$h1953
=CAT  \\$aW2111-0842$c20211209$lBLL01$h1035
=CAT  \\$aIPL-CLA$c20211231$lBLL01$h1543
=CFI  0\$aCurrent copyright fee: GBP46.00$c35\0$e01-jan-2022$fGBP46.00$g0$hP$5Uk
=CFI  2\$aPrevious Copyright Fee: GBP39.00$c35\0$e01-jan-2020$fGBP39.00$g0$hP$5Uk
=EST  \\$a1
=FFP  \\$aY$bBLDSS-3PM
=FIN  \\$aY$d20051123
=MNI  \\$a0951-418X
=SID  \\$aZ39$bOCLC
=TCO  \\$aTRS$bCCC$c008
=TOC  \\$aETOC
=UNO  \\$aY
=ACF  \\$aPrevious Copyright Fee: GBP17.00$c35\0$e01-apr-2005$fGBP17.00$g0$hP$5Uk
=ACF  \\$aPrevious copyright fee: GBP22.00$c35\0$e01-jan-2011$fGBP22.00$g0$hP$5Uk
=ACF  \\$aPrevious copyright fee: GBP24.00$c35\0$e01-mar-2015$fGBP24.00$g0$hP$5Uk
=ACF  \\$aPrevious copyright fee: GBP28.00$c35\0$e01-jan-2019$fGBP28.00$g0$hP$5Uk
=LAS  \\$aIPL-CLA$b00$c20211231$lBLL01$h1543

