=LDR  04298cas a2201045 a 4500
=001  013344417
=003  Uk
=005  20221016112242.0
=006  m\\\\\\\\d\\\\\\\\
=007  cr\|||||||||||
=008  001207c19539999gw\mx\pss\\\\\0\\\b0eng\d
=FMT  \\$a  SE
=010  \\$a2004233689
=015  \\$aGBB432723$2bnb
=022  \\$a1521-3978$y0015-8208
=037  \\$aISSN_00158208$bPortico$nWiley
=040  \\$aCPO$cCPO$dEYM$dOCLCQ$dGUA$dNSD$dUk
=042  \\$ansdp$aukblsr
=050  14$aQC1
=082  04$a530.05$223
=130  0\$aFortschritte der Physik (Berlin : 1953 : Online)
=210  0\$aFortschritte der Physik$b(Weinh., Internet)
=222  \0$aFortschritte der Physik$b(Weinheim. Internet)
=245  10$aFortschritte der Physik$h[electronic resource].
=246  13$aProgress of physics
=260  \\$aBerlin :$bWiley-VCH Verlag
=310  \\$a12 issues a year,$b2000-
=321  \\$a8 issues a year,$b1998
=321  \\$a10 issues a year,$b1999
=336  \\$atext$2rdacontent
=337  \\$acomputer$2rdamedia
=338  \\$aonline resource$2rdacarrier
=362  1\$aPrint began with: Bd. 1 (1953).
=500  \\$aDescription based on: Vol. 46, issue 1 (Feb. 1998); title from contents screen (InterScience, viewed May 25, 2004).
=500  \\$aLatest issue consulted: volume 62, issue 3 (March 2014) (Wiley Online Library, viewed March 19, 2014).
=515  \\$aMany issues combined.
=538  \\$aMode of access: World Wide Web.
=540  \\$aCurrent copyright fee: GBP39.00$c35\0$5Uk
=650  \0$aPhysics$vPeriodicals.
=776  08$iPrint version:$tFortschritte der physik (Berlin : 1953)$x0015-8208
=859  \\$aELD$bejournal
=856  \\$31850-9999$uhttp://onlinelibrary.wiley.com/$xBLDSS
=852  41$aBritish Library$bSTI$jELD Digital store$3Volume 61:Issue 1(2013:Jan.)-***Previous issues available in print copy
=852  41$aBritish Library$bDSC$j6873.458200$3Volume 54:Issue 1(2006)-Volume 62:Issue 11/12(2014)***See ESTAR for full holdings.
=945  \\$aPROGRESS OF PHYSICS -BERLIN-.
=959  \\$fHeld but not currently received
=979  \\$aBritish Library$bDSC$j6873.458200
=985  \\$aCONFERENCE ANALYTIC &RECORDS EXIST
=CAT  \\$a11281$b40$c20051123$lBLL01$h1354
=CAT  \\$aBATCH-UPD$b40$c20060901$lBLL01$h0959
=CAT  \\$aBATCH-UPD$b40$c20060901$lBLL01$h1030
=CAT  \\$aBATCH-UPD$b40$c20101116$lBLL01$h1334
=CAT  \\$aIPL-CLA$c20101231$lBLL01$h1516
=CAT  \\$aWR13.005$c20130323$lBLL01$h1329
=CAT  \\$a5997$b40$c20140319$lBLL01$h1350
=CAT  \\$a8411$b40$c20140325$lBLL01$h1650
=CAT  \\$a10997$b40$c20141031$lBLL01$h1131
=CAT  \\$aBLDSS-3PM$b00$c20141214$lBLL01$h1523
=CAT  \\$aBATCH-UPD$b00$c20150215$lBLL01$h1656
=CAT  \\$aIPL-CLA$c20150228$lBLL01$h2049
=CAT  \\$aCDS15-UPD$b40$c20150918$lBLL01$h1639
=CAT  \\$aBATCH-UPD$b40$c20160526$lBLL01$h1324
=CAT  \\$aW1711-1005$c20171206$lBLL01$h1817
=CAT  \\$aBATCH-UPD$b00$c20180219$lBLL01$h1747
=CAT  \\$aBATCH-UPD$b00$c20181121$lBLL01$h1622
=CAT  \\$aIPL-CLA$c20181231$lBLL01$h1543
=CAT  \\$aR1911-0245$c20191127$lBLL01$h0823
=CAT  \\$aR1911-0245$c20191127$lBLL01$h1045
=CAT  \\$a5410$b40$c20191210$lBLL01$h1129
=CAT  \\$a5410$b40$c20191210$lBLL01$h1130
=CAT  \\$aIPL-CLA$c20191231$lBLL01$h1936
=CAT  \\$aW2111-0842$c20211208$lBLL01$h1942
=CAT  \\$aIPL-CLA$c20211231$lBLL01$h1543
=CAT  \\$a5410$b40$c20221016$lBLL01$h1122
=CFI  0\$aCurrent copyright fee: GBP39.00$c35\0$e01-jan-2022$fGBP39.00$g0$hP$5Uk
=CFI  2\$aPrevious Copyright Fee: GBP32.00$c35\0$e01-jan-2020$fGBP32.00$g0$hP$5Uk
=EST  \\$a1
=FFP  \\$aY$bBLDSS-3PM
=FIN  \\$aY$d20051123
=LET  \0$aFortschritte der Physik (Electronic)
=MNI  \\$a0015-8208
=SID  \\$aZ39$bOCLC
=TCO  \\$aDEU$bVG WORT$c008
=TOC  \\$aETOC
=UNO  \\$aY
=ACF  \\$aPrevious Copyright Fee: GBP17.00$c35\0$e01-apr-2005$fGBP17.00$g0$hP$5Uk
=ACF  \\$aPrevious copyright fee: GBP22.00$c35\0$e01-jan-2011$fGBP22.00$g0$hP$5Uk
=ACF  \\$aPrevious copyright fee: GBP24.00$c35\0$e01-mar-2015$fGBP24.00$g0$hP$5Uk
=ACF  \\$aPrevious copyright fee: GBP28.00$c35\0$e01-jan-2019$fGBP28.00$g0$hP$5Uk
=LAS  \\$a5410$b40$c20221016$lBLL01$h1122

