=LDR  04244cas a2201057 a 4500
=001  013344442
=003  Uk
=005  20200814152311.0
=006  m\\\\\o\\d\\\\\\\\
=007  cr\cn|||||||||
=008  980109c19919999nyumx1pso\\\\\0\\\a0eng\d
=FMT  \\$a  SE
=010  \\$asn 97001393
=015  \\$aGBB350662$2bnb
=022  0\$a1097-0126$y0959-8103
=037  \\$aISSN_09598103$bPortico$nWiley
=040  \\$aNSD$cNSD$dOCL$dNSD$dEYM$dTJC$dOCLCQ$dOCL$dUk
=042  \\$ansdp$aukblsr
=050  14$aTP1101$b.B73
=082  04$a547.7$222
=130  0\$aPolymer international (Online)
=210  0\$aPolymer int.$b(Online)
=222  \0$aPolymer international$b(Online)
=245  10$aPolymer international$h[electronic resource].
=260  \\$aNew York, NY :$bPublished for SCI by John Wiley & Sons
=310  \\$aTwelve no. a year
=336  \\$atext$2rdacontent
=337  \\$acomputer$2rdamedia
=338  \\$aonline resource$2rdacarrier
=362  1\$aPrint began with vol. 24, no. 1, published in 1991.
=500  \\$aDescription based on: Vol. 42, issue 1 (Jan. 1997); title from table of contents (viewed Jan. 11, 2001).
=500  \\$aLatest issue consulted: Vol. 50, issue 8 (Aug. 2001).
=530  \\$aAlso issued in print.
=538  \\$aMode of access: World Wide Web.
=550  \\$aIssued by: Society of Chemical Industry (Great Britain).
=540  \\$aCurrent Copyright Fee: GBP39.00$c35\0$5Uk
=650  \0$aPlastics$vPeriodicals.
=650  \0$aPolymers$vPeriodicals.
=650  \0$aPolymerization$vPeriodicals.
=710  2\$aSociety of Chemical Industry (Great Britain)
=710  2\$aWiley InterScience (Online service)
=776  1\$tPolymer international$x0959-8103
=859  \\$aELD$bejournal
=856  \\$31850-9999$uhttp://onlinelibrary.wiley.com/$xBLDSS
=852  41$aBritish Library$bSTI$jELD Digital store$3Volume 62:Issue 1(2013:Jan.)-***Previous issues available in print copy
=852  41$aBritish Library$bDSC$j6547.706750$3Volume 55:Issue 1(2006)-Volume 63:Issue 12(2014)***See ESTAR for full holdings.
=945  \\$aPOLYMER INTERNATIONAL.
=959  \\$fHeld but not currently received
=979  \\$aBritish Library$bDSC$j6547.706750
=985  \\$aCONFERENCE ANALYTIC &RECORDS EXIST
=CAT  \\$a7332$b40$c20051123$lBLL01$h1404
=CAT  \\$aBATCH-UPD$b40$c20060901$lBLL01$h0959
=CAT  \\$aBATCH-UPD$b40$c20060901$lBLL01$h1030
=CAT  \\$aBATCH-UPD$b40$c20101116$lBLL01$h1334
=CAT  \\$aIPL-CLA$c20101231$lBLL01$h1516
=CAT  \\$aWR12_168$c20121206$lBLL01$h1816
=CAT  \\$aWR13.005$c20130323$lBLL01$h1329
=CAT  \\$a8456$b40$c20130523$lBLL01$h1012
=CAT  \\$aBATCH-CLA$b00$c20130526$lBLL01$h1618
=CAT  \\$aWR13.114$c20130717$lBLL01$h1313
=CAT  \\$aBATCH-PORT$c20130829$lBLL01$h1114
=CAT  \\$aWR14_009$c20140204$lBLL01$h2343
=CAT  \\$a6162$b40$c20140812$lBLL01$h1630
=CAT  \\$aBLDSS-3PM$b00$c20141214$lBLL01$h1523
=CAT  \\$aBATCH-UPD$b00$c20150215$lBLL01$h1656
=CAT  \\$aIPL-CLA$c20150228$lBLL01$h2049
=CAT  \\$aCDS15-UPD$b40$c20150918$lBLL01$h1639
=CAT  \\$aBATCH-UPD$b40$c20160519$lBLL01$h1741
=CAT  \\$aW1711-1005$c20171206$lBLL01$h1817
=CAT  \\$aBATCH-UPD$b00$c20180219$lBLL01$h1747
=CAT  \\$aBATCH-UPD$b00$c20181121$lBLL01$h1622
=CAT  \\$aIPL-CLA$c20181231$lBLL01$h1543
=CAT  \\$aR1911-0245$c20191127$lBLL01$h0944
=CAT  \\$aR1911-0245$c20191127$lBLL01$h1045
=CAT  \\$aIPL-CLA$c20191231$lBLL01$h1936
=CAT  \\$a5410$b40$c20200814$lBLL01$h1523
=CFI  0\$aCurrent Copyright Fee: GBP39.00$c35\0$e01-jan-2020$fGBP39.00$g0$hP$5Uk
=CFI  2\$aPrevious copyright fee: GBP28.00$c35\0$e01-jan-2019$fGBP28.00$g0$hP$5Uk
=EST  \\$a1
=FFP  \\$aY$bBLDSS-3PM
=FIN  \\$aY$d20051123
=MNI  \\$a0959-8103
=SID  \\$aZ39$bOCLC
=TCO  \\$aTRS$bCCC$c008
=TCO  \\$aCLA$bCLA$c008
=TOC  \\$aETOC
=UNO  \\$aY
=ACF  \\$aPrevious Copyright Fee: GBP17.00$c35\0$e01-apr-2005$fGBP17.00$g0$hP$5Uk
=ACF  \\$aPrevious copyright fee: GBP22.00$c35\0$e01-jan-2011$fGBP22.00$g0$hP$5Uk
=ACF  \\$aPrevious copyright fee: GBP24.00$c35\0$e01-mar-2015$fGBP24.00$g0$hP$5Uk
=LAS  \\$a5410$b40$c20200814$lBLL01$h1523

