=LDR  04116cas a2201009 a 4500
=001  013344474
=003  Uk
=005  20211231154318.0
=006  m\\\\\o\\d\\\\\\\\
=007  cr\cnu||||||||
=008  990630c19909999njumr1pss\\\\\0\\\a0eng\d
=FMT  \\$a  SE
=010  \\$a2001212287
=015  \\$aGBB350660$2bnb
=022  0\$a1099-1581$y1042-7147
=037  \\$aISSN_10427147$bPortico$nWiley
=040  \\$aDLM$cDLM$dNSD$dTJC$dOCLCQ$dMYG$dWAU$dOCLCQ$dUk
=042  \\$ansdp$aukblsr
=050  14$aTP1080
=082  04$a668.9$222
=130  0\$aPolymers for advanced technologies (Online)
=210  0\$aPolym. adv. technolo.$b(Online)
=222  \0$aPolymers for advanced technologies$b(Online)
=245  10$aPolymers for advanced technologies$h[electronic resource].
=260  \\$aHoboken, NJ, USA :$bWiley
=310  \\$aMonthly
=336  \\$atext$2rdacontent
=337  \\$acomputer$2rdamedia
=338  \\$aonline resource$2rdacarrier
=362  1\$aPrint began with vol. 1, no. 1 (Feb. 1990).
=500  \\$aIncludes abstracts and contents from 1996.
=500  \\$aHas occasional special issues.
=500  \\$aDescription based on: Vol. 8, issue 1 (Jan. 1997); title from contents (viewed Jan. 13, 2003).
=500  \\$aLatest issue consulted: Vol. 13, issue 10/12 (Oct./Dec. 2002).
=515  \\$aHas occasional combined issue.
=538  \\$aMode of access: World Wide Web.
=540  \\$aCurrent copyright fee: GBP46.00$c35\0$5Uk
=650  \0$aPolymers$vPeriodicals.
=776  1\$tPolymers for advanced technologies$x1042-7147
=859  \\$aELD$bejournal
=856  \\$31850-9999$uhttp://onlinelibrary.wiley.com/$xBLDSS
=852  41$aBritish Library$bSTI$jELD Digital store$3Volume 24:Number 1(2013:Jan.)-***Previous issues available in print copy
=852  41$aBritish Library$bDSC$j6547.742200$3Volume 17:Issue 1(2006)-Volume 25:Issue 12(2014)***See ESTAR for full holdings.
=945  \\$aPOLYMERS FOR ADVANCED TECHNOLOGIES
=959  \\$fHeld but not currently received
=979  \\$aBritish Library$bDSC$j6547.742200
=CAT  \\$a7332$b40$c20051123$lBLL01$h1418
=CAT  \\$aBATCH-UPD$b40$c20060901$lBLL01$h0959
=CAT  \\$aBATCH-UPD$b40$c20060901$lBLL01$h1030
=CAT  \\$aBATCH-UPD$b40$c20101116$lBLL01$h1334
=CAT  \\$aIPL-CLA$c20101231$lBLL01$h1516
=CAT  \\$aWR12_168$c20121206$lBLL01$h1816
=CAT  \\$aWR13.005$c20130323$lBLL01$h1329
=CAT  \\$a8456$b40$c20130523$lBLL01$h1010
=CAT  \\$aWR13.114$c20130717$lBLL01$h1313
=CAT  \\$aBATCH-PORT$c20130829$lBLL01$h1114
=CAT  \\$aWR14_009$c20140204$lBLL01$h2343
=CAT  \\$aBLDSS-3PM$b00$c20141214$lBLL01$h1523
=CAT  \\$aBATCH-UPD$b00$c20150215$lBLL01$h1656
=CAT  \\$aIPL-CLA$c20150228$lBLL01$h2049
=CAT  \\$aCDS15-UPD$b40$c20150918$lBLL01$h1639
=CAT  \\$aBATCH-UPD$b40$c20160519$lBLL01$h1737
=CAT  \\$aW1711-1005$c20171206$lBLL01$h1817
=CAT  \\$aBATCH-UPD$b00$c20180219$lBLL01$h1747
=CAT  \\$aBATCH-UPD$b00$c20181121$lBLL01$h1622
=CAT  \\$aIPL-CLA$c20181231$lBLL01$h1543
=CAT  \\$aR1911-0245$c20191127$lBLL01$h0944
=CAT  \\$aR1911-0245$c20191127$lBLL01$h1045
=CAT  \\$aIPL-CLA$c20191231$lBLL01$h1936
=CAT  \\$a5410$b40$c20200814$lBLL01$h1518
=CAT  \\$aW2111-0842$c20211209$lBLL01$h1035
=CAT  \\$aIPL-CLA$c20211231$lBLL01$h1543
=CFI  0\$aCurrent copyright fee: GBP46.00$c35\0$e01-jan-2022$fGBP46.00$g0$hP$5Uk
=CFI  2\$aPrevious Copyright Fee: GBP39.00$c35\0$e01-jan-2020$fGBP39.00$g0$hP$5Uk
=EST  \\$a1
=FFP  \\$aY$bBLDSS-3PM
=FIN  \\$aY$d20051123
=MNI  \\$a1042-7147
=SID  \\$aZ39$bOCLC
=TCO  \\$aTRS$bCCC$c008
=TOC  \\$aETOC
=UNO  \\$aY
=ACF  \\$aPrevious Copyright Fee: GBP17.00$c35\0$e01-apr-2005$fGBP17.00$g0$hP$5Uk
=ACF  \\$aPrevious copyright fee: GBP22.00$c35\0$e01-jan-2011$fGBP22.00$g0$hP$5Uk
=ACF  \\$aPrevious copyright fee: GBP24.00$c35\0$e01-mar-2015$fGBP24.00$g0$hP$5Uk
=ACF  \\$aPrevious copyright fee: GBP28.00$c35\0$e01-jan-2019$fGBP28.00$g0$hP$5Uk
=LAS  \\$aIPL-CLA$b00$c20211231$lBLL01$h1543

