=LDR  03872cas a2200973 a 4500
=001  013344476
=003  Uk
=005  20200123091118.0
=006  m\\\\\o\\d\\\\\\\\
=007  cr\cn|||||||||
=008  971231c19729999nyubx1pso\\\\\0\\\a0eng\d
=FMT  \\$a  SE
=010  \\$asn 97001346
=015  \\$aGBB350758$2bnb
=022  0\$a1097-4539$l0049-8246$y0049-8246$21
=037  \\$aISSN_00498246$bPortico$nWiley
=040  \\$aNSD$cNSD$dOCL$dNSD$dEYM$dTJC$dOCLCQ$dUk
=042  \\$aukblsr
=050  14$aQC481$b.X16
=082  04$a543.62$222
=130  0\$aX-ray spectrometry (Online)
=210  0\$aX-ray spectrom.$b(Online)
=222  \0$aX-ray spectrometry$b(Online)
=245  10$aX-ray spectrometry$h[electronic resource].
=260  \\$aNew York, NY :$bJohn Wiley & Sons
=310  \\$aSix no. a year
=336  \\$atext$2rdacontent
=337  \\$acomputer$2rdamedia
=338  \\$aonline resource$2rdacarrier
=362  1\$aPrint began with vol. 1, no. 1 (Jan. 1972).
=500  \\$aDescription based on: Vol. 26, issue 1 (Jan. 1997); title from table of contents (viewed Jan. 11, 2001).
=500  \\$aLatest issue consulted: Vol. 30, issue 4 (July/Aug. 2001).
=530  \\$aAlso issued in print.
=538  \\$aMode of access: World Wide Web.
=540  \\$aCurrent Copyright Fee: GBP39.00$c35\0$5Uk
=650  \0$aX-ray spectroscopy$vPeriodicals.
=710  2\$aWiley InterScience (Online service)
=776  1\$tX-ray spectrometry$x0049-8246
=859  \\$aELD$bejournal
=856  \\$31850-9999$uhttp://onlinelibrary.wiley.com/$xBLDSS
=852  41$aBritish Library$bSTI$jELD Digital store$3Volume 42:Number 3(2013:May/Jun.)-***Previous issues available in print copy
=852  41$aBritish Library$bDSC$j9365.780000$3Volume 25:Issue 1(1996)-Volume 43:Issue 6(2014)***See ESTAR for full holdings.
=945  \\$aX RAY SPECTROMETRY.
=959  \\$fHeld but not currently received
=979  \\$aBritish Library$bDSC$j9365.780000N
=CAT  \\$a8141$b40$c20051123$lBLL01$h1419
=CAT  \\$aBATCH-UPD$b40$c20060901$lBLL01$h0959
=CAT  \\$aBATCH-UPD$b40$c20060901$lBLL01$h1030
=CAT  \\$aBATCH-UPD$b40$c20101116$lBLL01$h1334
=CAT  \\$aIPL-CLA$c20101231$lBLL01$h1516
=CAT  \\$aWR12_168$c20121206$lBLL01$h1816
=CAT  \\$aWR13.005$c20130323$lBLL01$h1329
=CAT  \\$a8874$b40$c20130523$lBLL01$h1333
=CAT  \\$a11249$b40$c20130610$lBLL01$h1613
=CAT  \\$aWR13.114$c20130717$lBLL01$h1313
=CAT  \\$aBATCH-PORT$c20130829$lBLL01$h1114
=CAT  \\$aWR14_009$c20140204$lBLL01$h2342
=CAT  \\$aBLDSS-3PM$b00$c20141214$lBLL01$h1523
=CAT  \\$aBATCH-UPD$b00$c20150215$lBLL01$h1656
=CAT  \\$aIPL-CLA$c20150228$lBLL01$h2049
=CAT  \\$aCDS15-UPD$b40$c20150918$lBLL01$h1639
=CAT  \\$aBATCH-UPD$b40$c20160607$lBLL01$h1401
=CAT  \\$aW1711-1005$c20171206$lBLL01$h1817
=CAT  \\$aBATCH-UPD$b00$c20180219$lBLL01$h1747
=CAT  \\$aBATCH-UPD$b00$c20181121$lBLL01$h1622
=CAT  \\$aIPL-CLA$c20181231$lBLL01$h1543
=CAT  \\$aR1911-0245$c20191127$lBLL01$h0945
=CAT  \\$aR1911-0245$c20191127$lBLL01$h1045
=CAT  \\$aIPL-CLA$c20191231$lBLL01$h1936
=CAT  \\$a5410$b40$c20200123$lBLL01$h0911
=CFI  0\$aCurrent Copyright Fee: GBP39.00$c35\0$e01-jan-2020$fGBP39.00$g0$hP$5Uk
=CFI  2\$aPrevious copyright fee: GBP28.00$c35\0$e01-jan-2019$fGBP28.00$g0$hP$5Uk
=EST  \\$a1
=FFP  \\$aY$bBLDSS-3PM
=FIN  \\$aY$d20051123
=MNI  \\$a0049-8246
=SID  \\$aZ39$bOCLC
=TCO  \\$aTRS$bCCC$c008
=TOC  \\$aETOC
=UNO  \\$aY
=ACF  \\$aPrevious Copyright Fee: GBP17.00$c35\0$e01-apr-2005$fGBP17.00$g0$hP$5Uk
=ACF  \\$aPrevious copyright fee: GBP22.00$c35\0$e01-jan-2011$fGBP22.00$g0$hP$5Uk
=ACF  \\$aPrevious copyright fee: GBP24.00$c35\0$e01-mar-2015$fGBP24.00$g0$hP$5Uk
=LAS  \\$a5410$b40$c20200123$lBLL01$h0911

