=LDR  04178cas a2201033 a 4500
=001  013344481
=003  Uk
=005  20211231154318.0
=006  m\\\\\\\\d\\\\\\\\
=007  cr\|||||||||||
=008  000330c19839999enkqr\pss\\\\\0\\\a0eng\d
=FMT  \\$a  SE
=010  \\$a2001212326
=015  \\$aGBB352859$2bnb
=022  0\$a1099-1069$y0278-0232
=037  \\$aISSN_02780232$bPortico$nWiley
=040  \\$aTMC$cTMC$dNSD$dOCLCQ$dMYG$dOCLCQ$dOCL$dUk
=042  \\$ansdp$aukblsr
=082  04$a616.99418005$222
=130  0\$aHematological oncology (Online)
=210  0\$aHematol. oncol.$b(Online)
=222  \0$aHematological oncology$b(Online)
=245  10$aHematological oncology$h[electronic resource].
=260  \\$a[Chichester ;$aNew York] :$bJohn Wiley & Sons
=310  \\$aQuarterly,$b<1996->
=321  \\$aQuarterly,$b1983-
=321  \\$aBimonthly,$b<1989->
=336  \\$atext$2rdacontent
=337  \\$acomputer$2rdamedia
=338  \\$aonline resource$2rdacarrier
=362  1\$aPrint began with vol. 1, no. 1 (Jan.-Mar. 1983).
=500  \\$aDescription based on: Vol. 14, issue 1 (Mar. 1996); title from contents screen (viewed Jan. 24, 2001).
=530  \\$aAlso issued in print.
=538  \\$aMode of access: World Wide Web.
=588  \\$aLatest issue consulted: volume 31, isssue 1 (March 2013) (Wiley Online Library, viewed June 4, 2013).
=540  \\$aCurrent copyright fee: GBP46.00$c35\0$5Uk
=650  \0$aHematological oncology$vPeriodicals.
=650  \2$aHematology.
=650  \2$aMedical Oncology.
=776  1\$tHematological oncology$x0278-0232
=859  \\$aELD$bejournal
=856  \\$31850-9999$uhttp://onlinelibrary.wiley.com/$xBLDSS
=852  41$aBritish Library$bSTI$jELD Digital store$3Volume 31:Issue 1(2013:Mar.)-***Previous issues available in print copy
=852  41$aBritish Library$bDSC$j4291.550000$3Volume 24:Issue 1(2006)-Volume 32:Issue 4(2014)***See ESTAR for full holdings.
=945  \\$aHematological oncology
=959  \\$fHeld but not currently received
=985  \\$aCONFERENCE ANALYTIC RECORDS EXIST
=CAT  \\$a3072$b40$c20051123$lBLL01$h1421
=CAT  \\$a8180$b40$c20060620$lBLL01$h1047
=CAT  \\$aBATCH-UPD$b40$c20060901$lBLL01$h0959
=CAT  \\$aBATCH-UPD$b40$c20060901$lBLL01$h1030
=CAT  \\$aBATCH-UPD$b40$c20101116$lBLL01$h1334
=CAT  \\$aIPL-CLA$c20101231$lBLL01$h1517
=CAT  \\$aBATCH-CLA$b00$c20130526$lBLL01$h1637
=CAT  \\$a5997$b40$c20130604$lBLL01$h0744
=CAT  \\$aWR13.114$c20130717$lBLL01$h1313
=CAT  \\$aBATCH-PORT$c20130829$lBLL01$h1113
=CAT  \\$aWR14_009$c20140204$lBLL01$h2343
=CAT  \\$a10997$b40$c20140610$lBLL01$h1154
=CAT  \\$aBLDSS-3PM$b00$c20141214$lBLL01$h1523
=CAT  \\$aBATCH-UPD$b00$c20150215$lBLL01$h1656
=CAT  \\$aIPL-CLA$c20150228$lBLL01$h2049
=CAT  \\$aCDS15-UPD$b40$c20150918$lBLL01$h1639
=CAT  \\$aBATCH-UPD$b40$c20160613$lBLL01$h1443
=CAT  \\$aW1711-1005$c20171206$lBLL01$h1817
=CAT  \\$aBATCH-UPD$b00$c20180219$lBLL01$h1747
=CAT  \\$aBATCH-UPD$b00$c20181121$lBLL01$h1622
=CAT  \\$aIPL-CLA$c20181231$lBLL01$h1543
=CAT  \\$aR1911-0245$c20191127$lBLL01$h0945
=CAT  \\$aR1911-0245$c20191127$lBLL01$h1045
=CAT  \\$aIPL-CLA$c20191231$lBLL01$h1936
=CAT  \\$aW2111-0842$c20211209$lBLL01$h1035
=CAT  \\$aIPL-CLA$c20211231$lBLL01$h1543
=CFI  0\$aCurrent copyright fee: GBP46.00$c35\0$e01-jan-2022$fGBP46.00$g0$hP$5Uk
=CFI  2\$aPrevious Copyright Fee: GBP39.00$c35\0$e01-jan-2020$fGBP39.00$g0$hP$5Uk
=EST  \\$a1
=FFP  \\$aY$bBLDSS-3PM
=FIN  \\$aY$d20051123
=MNI  \\$a0278-0232
=SID  \\$aZ39$bOCLC
=TCO  \\$aTRS$bCCC$c008
=TCO  \\$aCLA$bCLA$c008
=TOC  \\$aETOC
=UNO  \\$aY
=ACF  \\$aPrevious Copyright Fee: GBP17.00$c35\0$e01-apr-2005$fGBP17.00$g0$hP$5Uk
=ACF  \\$aPrevious copyright fee: GBP22.00$c35\0$e01-jan-2011$fGBP22.00$g0$hP$5Uk
=ACF  \\$aPrevious copyright fee: GBP24.00$c35\0$e01-mar-2015$fGBP24.00$g0$hP$5Uk
=ACF  \\$aPrevious copyright fee: GBP28.00$c35\0$e01-jan-2019$fGBP28.00$g0$hP$5Uk
=LAS  \\$aIPL-CLA$b00$c20211231$lBLL01$h1543

