=LDR  04454cas a2201069 a 4500
=001  013344494
=003  Uk
=005  20230317140212.0
=006  m\\\\\o\\d\\\\\\\\
=007  cr\mnu||||||||
=008  000516c19869999njubx1pso\\\\\0\\\a0eng\d
=FMT  \\$a  SE
=010  \\$a2001212325
=015  \\$aGBB349341$2bnb
=022  0\$a1099-1077$l0885-6222$y0885-6222$21
=037  \\$aISSN_08856222$bPortico$nWiley
=040  \\$aOH1$beng$cOH1$dNSD$dOCLCQ$dMYG$dWAU$dOCLCQ$dOCL$dUk
=042  \\$ansdp$aukblsr
=082  04$a615.78$221
=130  0\$aHuman psychopharmacology (Online)
=210  0\$aHum. psychopharmacol.$b(Online)
=222  \0$aHuman psychopharmacology$b(Online)
=245  10$aHuman psychopharmacology$h[electronic resource] :$bclinical and experimental.
=246  3\$aHuman psychopharmacology, clinical and experimental
=260  \\$aHoboken, NJ :$bJ. Wiley
=310  \\$aEight no. a year,$b1998-
=321  \\$a6 no. a year,$b<1996>-1997
=336  \\$atext$2rdacontent
=337  \\$acomputer$2rdamedia
=338  \\$aonline resource$2rdacarrier
=362  1\$aPrint began with vol. 1, no. 1 (Sept. 1986).
=500  \\$aIncludes contents and abstracts from 1996.
=516  \\$aPDF format
=538  \\$aMode of access: World Wide Web.
=500  \\$aDescription based on: Vol. 12, issue 1 (Jan./Feb. 1997); title from contents (viewed Jan. 9, 2003).
=500  \\$aLatest issue consulted: Vol. 17, issue 8 (Dec. 2002).
=525  \\$aHas occasional supplemental issues.
=530  \\$aAlso issued in print.
=540  \\$aCurrent Copyright Fee: GBP39.00$c35\0$5Uk
=650  \0$aPsychopharmacology$vPeriodicals.
=650  \0$aPsychotropic drugs$vPeriodicals.
=650  \2$aPsychopharmacology$vPeriodicals.
=650  \2$aPsychotropic Drugs$xpharmacology$vPeriodicals.
=776  1\$tHuman psychopharmacology$x0885-6222
=859  \\$aELD$bejournal
=856  \\$31850-9999$uhttp://onlinelibrary.wiley.com/$xBLDSS
=852  41$aBritish Library$bDSC$j4336.380000$3Volume 21:Issue 1(2006)-Volume 33:Issue 1(2018)***See ESTAR for full holdings.
=852  41$aBritish Library$bSTI$jELD Digital store$3Volume 28:Number 1(2013:Jan.)-***Previous issues available in print copy
=945  \\$aHuman psychopharmacology -Clinical and experimental-
=959  \\$fHeld but not currently received
=979  \\$aBritish Library$bDSC$j4336.380000
=CAT  \\$a3072$b40$c20051123$lBLL01$h1429
=CAT  \\$aBATCH-UPD$b40$c20060901$lBLL01$h1030
=CAT  \\$a7174$b40$c20080623$lBLL01$h1104
=CAT  \\$a7174$b40$c20080623$lBLL01$h1105
=CAT  \\$aBATCH-UPD$b40$c20101116$lBLL01$h1334
=CAT  \\$aIPL-CLA$c20101231$lBLL01$h1517
=CAT  \\$aWR12_168$c20121206$lBLL01$h1816
=CAT  \\$a8874$b40$c20130521$lBLL01$h0842
=CAT  \\$aWR13.114$c20130717$lBLL01$h1313
=CAT  \\$aBATCH-PORT$c20130829$lBLL01$h1113
=CAT  \\$aBATCH-CLA$b00$c20140125$lBLL01$h1301
=CAT  \\$aWR14_009$c20140204$lBLL01$h2343
=CAT  \\$aBATCH-CLA$c20140225$lBLL01$h2325
=CAT  \\$aBLDSS-3PM$b00$c20141214$lBLL01$h1523
=CAT  \\$aBATCH-UPD$b00$c20150215$lBLL01$h1656
=CAT  \\$aIPL-CLA$c20150228$lBLL01$h2049
=CAT  \\$aBATCH-UPD$b00$c20160530$lBLL01$h0002
=CAT  \\$aW1711-1005$c20171206$lBLL01$h1817
=CAT  \\$aBATCH-UPD$b00$c20180219$lBLL01$h1747
=CAT  \\$aW1805-0471$c20180520$lBLL01$h1139
=CAT  \\$aBATCH-UPD$b00$c20181121$lBLL01$h1622
=CAT  \\$aIPL-CLA$c20181231$lBLL01$h1543
=CAT  \\$aR1911-0245$c20191127$lBLL01$h0944
=CAT  \\$aR1911-0245$c20191127$lBLL01$h1045
=CAT  \\$aIPL-CLA$c20191231$lBLL01$h1936
=CAT  \\$a5410$b40$c20230317$lBLL01$h1402
=CFI  0\$aCurrent Copyright Fee: GBP39.00$c35\0$e01-jan-2020$fGBP39.00$g0$hP$5Uk
=CFI  2\$aPrevious copyright fee: GBP28.00$c35\0$e01-jan-2019$fGBP28.00$g0$hP$5Uk
=EST  \\$a1
=FFP  \\$aY$bBLDSS-3PM
=FIN  \\$aY$d20051123
=LKR  \\$aPAR$b009207668$lBLL01$r776$mHuman psychopharmacology (Online)$nHuman psychopharmacology (Print)
=MNI  \\$a0885-6222
=SID  \\$aZ39$bOCLC
=TCO  \\$aTRS$bCCC$c008
=TOC  \\$aETOC
=UNO  \\$aY
=ACF  \\$aPrevious Copyright Fee: GBP17.00$c35\0$e01-apr-2005$fGBP17.00$g0$hP$5Uk
=ACF  \\$aPrevious copyright fee: GBP22.00$c35\0$e01-jan-2011$fGBP22.00$g0$hP$5Uk
=ACF  \\$aPrevious copyright fee: GBP24.00$c35\0$e01-mar-2015$fGBP24.00$g0$hP$5Uk
=LAS  \\$a5410$b40$c20230317$lBLL01$h1402

