=LDR  04889cas a2201117 a 4500
=001  013344513
=003  Uk
=005  20230421202018.0
=006  m\\\\\o\\d\\\\\\\\
=007  cr\mnu||||||||
=008  980330c19909999cauqr1pso\\\\\0\\\a0eng\d
=FMT  \\$a  SE
=010  \\$a00208351
=015  \\$aGBB349342$2bnb
=022  \\$a1532-1096$l1044-8004$y1044-8004$21
=037  \\$aISSN_10448004$bPortico$nWiley
=040  \\$aF#A$cF#A$dOCL$dAAA$dNSD$dOCLCQ$dFUG$dOCLCQ$dUk
=042  \\$ansdp$aukblsr
=043  \\$an-us---
=050  \4$aHF5549.15$b.H86
=082  10$a658.3005$222
=130  0\$aHuman resource development quarterly (Online)
=210  0\$aHum. resour. dev. q.$b(Online)
=222  \0$aHuman resource development quarterly$b(Online)
=245  10$aHuman resource development quarterly$h[electronic resource] /$csponsored by the American Society for Training and Development, [etc.].
=246  3\$aHuman resources development quarterly
=246  3\$aHRDQ
=260  \\$aSan Francisco :$bJossey-Bass
=310  \\$aQuarterly
=336  \\$atext$2rdacontent
=337  \\$acomputer$2rdamedia
=338  \\$aonline resource$2rdacarrier
=362  1\$aBegan with vol. 1, no. 1 (spring 1990).
=362  1\$aPrint began with vol. 1, no. 1 (spring 1990).
=500  \\$aDescription based on: Vol. 9, no. 1 (spring 1998); title from journal information screen (viewed Mar. 30, 1988).
=530  \\$aAlso issued in print, microfilm, and computer disk eds. of: Human resource development quarterly.
=538  \\$aMode of access: World Wide Web.
=550  \\$aSponsored by the American Society for Training and Development and the Academy of human Resource Development.
=540  \\$aCurrent copyright fee: GBP39.00$c35\0$5Uk
=650  \0$aPersonnel management$xResearch$xMethodology$vPeriodicals.
=650  \0$aPersonnel management$vPeriodicals.
=650  \0$aPersonnel management$zUnited States$vPeriodicals.
=690  7\$aManagement and Business Studies$2blcoll
=710  2\$aAmerican Society for Training and Development.
=710  2\$aAcademy of Human Resource Development (Bowling Green, Ohio)
=776  1\$tHuman resource development quarterly$x1044-8004
=776  1\$tHuman resource development quarterly [microform]
=776  1\$tHuman resource development quarterly [computer file]
=859  \\$aELD$bejournal
=856  \\$31850-9999$uhttp://onlinelibrary.wiley.com/$xBLDSS
=852  41$aBritish Library$bDSC$j4336.432800$3Volume 8:Issue 4(1997)-Volume 29:Issue 1(2018)***See ESTAR for full holdings.
=852  41$aBritish Library$bHMNTS$jELD Digital store$3Volume 24:Number 1(2013:Spring)-***Previous issues available in print copy
=945  \\$aHuman resource development quarterly
=959  \\$fHeld but not currently received
=979  \\$aBritish Library$bDSC$j4336.432800
=CAT  \\$a3072$b40$c20051123$lBLL01$h1440
=CAT  \\$a3072$b40$c20051123$lBLL01$h1444
=CAT  \\$aBATCH-UPD$b40$c20060901$lBLL01$h0959
=CAT  \\$aBATCH-UPD$b40$c20060901$lBLL01$h1030
=CAT  \\$aBATCH$b00$c20090624$lBLL01$h1707
=CAT  \\$aBATCH-UPD$b00$c20101116$lBLL01$h1334
=CAT  \\$aIPL-CLA$c20101231$lBLL01$h1517
=CAT  \\$a8874$b40$c20130521$lBLL01$h0844
=CAT  \\$aWR13.114$c20130717$lBLL01$h1313
=CAT  \\$aBATCH-PORT$c20130829$lBLL01$h1113
=CAT  \\$aWR14_009$c20140204$lBLL01$h2343
=CAT  \\$aBLDSS-3PM$b00$c20141214$lBLL01$h1523
=CAT  \\$aBATCH-UPD$b00$c20150215$lBLL01$h1656
=CAT  \\$aIPL-CLA$c20150228$lBLL01$h2049
=CAT  \\$aBATCH-UPD$b00$c20160531$lBLL01$h0856
=CAT  \\$aW1711-1005$c20171206$lBLL01$h1817
=CAT  \\$aBATCH-UPD$b00$c20180219$lBLL01$h1747
=CAT  \\$aW1805-0471$c20180520$lBLL01$h1139
=CAT  \\$aBATCH-UPD$b00$c20181121$lBLL01$h1622
=CAT  \\$aIPL-CLA$c20181231$lBLL01$h1543
=CAT  \\$aR1911-0245$c20191127$lBLL01$h0823
=CAT  \\$aR1911-0245$c20191127$lBLL01$h1045
=CAT  \\$aIPL-CLA$c20191231$lBLL01$h1936
=CAT  \\$aW2111-0842$c20211208$lBLL01$h1942
=CAT  \\$aIPL-CLA$c20211231$lBLL01$h1543
=CAT  \\$a5410$b40$c20230421$lBLL01$h2020
=CFI  0\$aCurrent copyright fee: GBP39.00$c35\0$e01-jan-2022$fGBP39.00$g0$hP$5Uk
=CFI  2\$aPrevious Copyright Fee: GBP32.00$c35\0$e01-jan-2020$fGBP32.00$g0$hP$5Uk
=EST  \\$a1
=FFP  \\$aY$bBLDSS-3PM
=FIN  \\$aY$d20051123
=MNI  \\$a1044-8004
=SID  \\$aZ39$bOCLC
=TCO  \\$aTRS$bCCC$c008
=TOC  \\$aETOC
=UNO  \\$aY
=ACF  \\$aPrevious Copyright Fee: GBP17.00$c35\0$e01-apr-2005$fGBP17.00$g0$hP$5Uk
=ACF  \\$aPrevious copyright fee: GBP22.00$c35\0$e01-jan-2011$fGBP22.00$g0$hP$5Uk
=ACF  \\$aPrevious copyright fee: GBP24.00$c35\0$e01-mar-2015$fGBP24.00$g0$hP$5Uk
=ACF  \\$aPrevious copyright fee: GBP28.00$c35\0$e01-jan-2019$fGBP28.00$g0$hP$5Uk
=LAS  \\$a5410$b40$c20230421$lBLL01$h2020

