=LDR  04440cas a2201093 a 4500
=001  013344524
=003  Uk
=005  20191231193638.0
=006  m\\\\\\\\d\\\\\\\\
=007  cr\|||||||||||
=008  990412c19869999enksn\pss\\\\\0\\\a0eng\d
=FMT  \\$a  SE
=010  \\$a2001212324
=015  \\$aGBB352622$2bnb
=022  0\$a1099-1085$y0885-6087
=037  \\$aISSN_08856087$bPortico$nWiley
=040  \\$aIdU$cNTD$dNSD$dEYM$dOCLCQ$dGUA$dOCLCQ$dUk
=042  \\$ansdp$aukblsr
=050  14$aGB651$b.H78
=082  04$a631.432$222
=130  0\$aHydrological processes (Online)
=210  0\$aHydrol. process.$b(Online)
=222  \0$aHydrological processes$b(Online)
=245  10$aHydrological processes$h[electronic resource].
=260  \\$a[Chichester, Sussex, England] :$bWiley
=264  31$a[Oxford] :$bWiley-Blackwell
=310  \\$aSemimonthly, except 3 issues in January and July,$b2007-
=321  \\$aMonthly,$b-1996
=321  \\$a15 no. a year,$b1997-1998
=321  \\$a18 no. a year,$b1999-2004
=321  \\$aSemimonthly, except monthly in Jan., May, July, and Sept.,$b2005-2006
=336  \\$atext$2rdacontent
=337  \\$acomputer$2rdamedia
=338  \\$aonline resource$2rdacarrier
=362  1\$aPrint began with vol. 1, no. 1 (Dec. 1986).
=500  \\$aSome issues have also distinctive titles.
=500  \\$aDescription based on: Vol. 10, issue 1 (Jan. 1996); title from contents screen (Interscience, viewed Jan. 24, 2001).
=500  \\$aLatest issue consulted: Vol. 17, issue 18 (30 Dec. 2003), viewed Dec. 19, 2003.
=530  \\$aAlso issued in print.
=538  \\$aMode of access: World Wide Web.
=540  \\$aCurrent Copyright Fee: GBP46.00$c35\0$5Uk
=650  \0$aHydrology$vPeriodicals.
=650  \0$aHydrology$xResearch$vPeriodicals.
=650  \0$aHydrologic models$vPeriodicals.
=650  \0$aHydrological forecasting$vPeriodicals.
=776  1\$tHydrological processes$x0885-6087
=780  05$tHPToday
=859  \\$aELD$bejournal
=856  \\$31850-9999$uhttp://onlinelibrary.wiley.com/$xBLDSS
=852  41$aBritish Library$bDSC$j4347.625600$3Volume 19:Issue 15(2005)-Volume 28:Issue 26(2014)***See ESTAR for full holdings.
=852  41$aBritish Library$bHMNTS$jELD Digital store$3Volume 27:Issue 1(2013:Jan. 01)-***previous issues available in print copy
=945  \\$aHydrological processes
=959  \\$fHeld but not currently received
=985  \\$aCONFERENCE ANALYTIC &RECORDS EXIST
=CAT  \\$a3072$b40$c20051123$lBLL01$h1450
=CAT  \\$a3072$b40$c20051123$lBLL01$h1504
=CAT  \\$aBATCH-UPD$b40$c20060901$lBLL01$h0959
=CAT  \\$aBATCH-UPD$b40$c20060901$lBLL01$h1030
=CAT  \\$aBATCH-UPD$b40$c20101116$lBLL01$h1334
=CAT  \\$aIPL-CLA$c20101231$lBLL01$h1517
=CAT  \\$aWR12_168$c20121206$lBLL01$h1816
=CAT  \\$aWR13.005$c20130323$lBLL01$h1329
=CAT  \\$a5997$b40$c20130531$lBLL01$h1135
=CAT  \\$aWR13.114$c20130717$lBLL01$h1313
=CAT  \\$aBATCH-PORT$c20130829$lBLL01$h1113
=CAT  \\$aWR14_009$c20140204$lBLL01$h2342
=CAT  \\$a8342$b40$c20140723$lBLL01$h1059
=CAT  \\$aBLDSS-3PM$b00$c20141214$lBLL01$h1523
=CAT  \\$aBATCH-UPD$b00$c20150215$lBLL01$h1656
=CAT  \\$aIPL-CLA$c20150228$lBLL01$h2049
=CAT  \\$aCDS15-UPD$b40$c20150918$lBLL01$h1639
=CAT  \\$aBATCH-UPD$b40$c20160518$lBLL01$h1952
=CAT  \\$aW1711-1005$c20171206$lBLL01$h1817
=CAT  \\$aBATCH-UPD$b00$c20180219$lBLL01$h1747
=CAT  \\$aBATCH-UPD$b00$c20181121$lBLL01$h1622
=CAT  \\$aIPL-CLA$c20181231$lBLL01$h1543
=CAT  \\$aR1911-0245$c20191127$lBLL01$h1015
=CAT  \\$aR1911-0245$c20191127$lBLL01$h1031
=CAT  \\$aR1911-0245$c20191127$lBLL01$h1035
=CAT  \\$aIPL-CLA$c20191231$lBLL01$h1936
=CFI  0\$aCurrent Copyright Fee: GBP46.00$c35\0$e01-jan-2020$fGBP46.00$g0$hP$5Uk
=CFI  2\$aPrevious copyright fee: GBP28.00$c35\0$e01-jan-2019$fGBP28.00$g0$hP$5Uk
=EST  \\$a1
=FFP  \\$aY$bBLDSS-3PM
=FIN  \\$aY$d20051123
=MNI  \\$a0885-6087
=SID  \\$aZ39$bOCLC
=TCO  \\$aCLA$bCLA$c008
=TOC  \\$aETOC
=UNO  \\$aY
=ACF  \\$aPrevious Copyright Fee: GBP17.00$c35\0$e01-apr-2005$fGBP17.00$g0$hP$5Uk
=ACF  \\$aPrevious copyright fee: GBP22.00$c35\0$e01-jan-2011$fGBP22.00$g0$hP$5Uk
=ACF  \\$aPrevious copyright fee: GBP24.00$c35\0$e01-mar-2015$fGBP24.00$g0$hP$5Uk
=LAS  \\$aIPL-CLA$b00$c20191231$lBLL01$h1936

