=LDR  04001cas a2200997 a 4500
=001  013344576
=003  Uk
=005  20200930122007.0
=006  m\\\\\o\\d\\\\\\\\
=007  cr\cnu||||||||
=008  980108c19819999nyumx1pso\\\\\0\\\a0eng\d
=FMT  \\$a  SE
=010  \\$asn 97001400
=015  \\$aGBB350657$2bnb
=022  0\$a1097-0223$y0197-3851
=037  \\$aISSN_01973851$bPortico$nWiley
=040  \\$aNSD$cNSD$dOCL$dNSD$dOCLCQ$dMYG$dOCLCQ$dEEM$dOCL$dUk
=042  \\$ansdp$aukblsr
=050  14$aRC628
=082  04$a618.32075$222
=130  0\$aPrenatal diagnosis (Online)
=210  0\$aPrenat. diagn.$b(Online)
=222  \0$aPrenatal diagnosis$b(Online)
=245  10$aPrenatal diagnosis$h[electronic resource].
=260  \\$aNew York, NY ;$aChichester, England :$bJohn Wiley & Sons
=310  \\$aThirteen no. a year,$b<1996->
=336  \\$atext$2rdacontent
=337  \\$acomputer$2rdamedia
=338  \\$aonline resource$2rdacarrier
=362  1\$aPrint began with v. 1, no. 1 (Jan. 1981).
=500  \\$aDescription based on: Vol. 16, issue 1 (1996); title from table of contents (viewed Dec. 8, 2000).
=500  \\$aLatest issue consulted: Vol. 22, issue 9 (Sept. 2002).
=530  \\$aAlso issued in print.
=538  \\$aMode of access: World Wide Web.
=540  \\$aCurrent Copyright Fee: GBP46.00$c35\0$5Uk
=650  \0$aPrenatal diagnosis$vPeriodicals.
=650  \0$aFetus$xDiseases$xDiagnosis$vPeriodicals.
=655  \0$aElectronic journals.
=776  1\$tPrenatal diagnosis$x0197-3851
=859  \\$aELD$bejournal
=856  \\$31850-9999$uhttp://onlinelibrary.wiley.com/$xBLDSS
=852  41$aBritish Library$bDSC$j6607.646000$3Volume 26:Issue 2(2006)-Volume 34:Issue 13(2014)***See ESTAR for full holdings.
=852  41$aBritish Library$bSTI$jELD Digital store$3Volume 33:Number 1(2013:Jan.)-***Previous issues available in print copy
=945  \\$aPRENATAL DIAGNOSIS -JOHN WILEY AND SONS LIMITED-.
=959  \\$fHeld but not currently received
=985  \\$aCONFERENCE ANALYTIC RECORDS EXIST
=CAT  \\$a7332$b40$c20051123$lBLL01$h1530
=CAT  \\$aIPL-CLA$c20101231$lBLL01$h1517
=CAT  \\$aWR12_168$c20121206$lBLL01$h1816
=CAT  \\$aWR13.005$c20130323$lBLL01$h1329
=CAT  \\$a8456$b40$c20130523$lBLL01$h1006
=CAT  \\$aWR13.114$c20130717$lBLL01$h1313
=CAT  \\$aBATCH-PORT$c20130829$lBLL01$h1114
=CAT  \\$a10934$b40$c20131127$lBLL01$h0825
=CAT  \\$aWR14_009$c20140204$lBLL01$h2343
=CAT  \\$aBLDSS-3PM$b00$c20141214$lBLL01$h1523
=CAT  \\$aBATCH-UPD$b00$c20150215$lBLL01$h1656
=CAT  \\$aIPL-CLA$c20150228$lBLL01$h2049
=CAT  \\$aCDS15-UPD$b40$c20150918$lBLL01$h1639
=CAT  \\$aBATCH-UPD$b40$c20160615$lBLL01$h1458
=CAT  \\$aW1711-1005$c20171206$lBLL01$h1817
=CAT  \\$aBATCH-UPD$b00$c20180219$lBLL01$h1747
=CAT  \\$aBATCH-UPD$b00$c20181121$lBLL01$h1622
=CAT  \\$aIPL-CLA$c20181231$lBLL01$h1543
=CAT  \\$aR1911-0245$c20191127$lBLL01$h1015
=CAT  \\$aR1911-0245$c20191127$lBLL01$h1031
=CAT  \\$aR1911-0245$c20191127$lBLL01$h1035
=CAT  \\$aIPL-CLA$c20191231$lBLL01$h1936
=CAT  \\$a5410$b40$c20200806$lBLL01$h1339
=CAT  \\$a8055$b40$c20200828$lBLL01$h1406
=CAT  \\$a5410$b40$c20200930$lBLL01$h1219
=CAT  \\$a5410$b40$c20200930$lBLL01$h1220
=CFI  0\$aCurrent Copyright Fee: GBP46.00$c35\0$e01-jan-2020$fGBP46.00$g0$hP$5Uk
=CFI  2\$aPrevious copyright fee: GBP28.00$c35\0$e01-jan-2019$fGBP28.00$g0$hP$5Uk
=EST  \\$a1
=FFP  \\$aY$bBLDSS-3PM
=FIN  \\$aY$d20051123
=MNI  \\$a0197-3851
=SID  \\$aZ39$bOCLC
=TCO  \\$aTRS$bCCC$c008
=TOC  \\$aETOC
=UNO  \\$aY
=ACF  \\$aPrevious Copyright Fee: GBP17.00$c35\0$e01-apr-2005$fGBP17.00$g0$hP$5Uk
=ACF  \\$aPrevious copyright fee: GBP22.00$c35\0$e01-jan-2011$fGBP22.00$g0$hP$5Uk
=ACF  \\$aPrevious copyright fee: GBP24.00$c35\0$e01-mar-2015$fGBP24.00$g0$hP$5Uk
=LAS  \\$a5410$b40$c20200930$lBLL01$h1220

