=LDR  04013cas a2201009 a 4500
=001  013344583
=003  Uk
=005  20191231193639.0
=006  m\\\\\o\\d\\\\\\\\
=007  cr\mn|||||||||
=008  000516c19999999nyuqr1pso\\\\\0\\\a0eng\d
=FMT  \\$a  SE
=010  \\$a2001212339
=015  \\$aGBB349031$2bnb
=022  0\$a1522-7219$l1522-7219$y1522-7227$21
=037  \\$aISSN_15227227$bPortico$nWiley
=040  \\$aOH1$cOH1$dNSD$dEYM$dOCLCQ$dOCL$dUk
=042  \\$ansdp$aukblsr
=050  14$aHQ771$b.E18
=082  04$a155.405$222
=130  0\$aInfant and child development (Online)
=210  0\$aInfant child dev.$b(Online)
=222  \0$aInfant and child development$b(Online)
=245  10$aInfant and child development$h[electronic resource].
=260  \\$aNew York :$bJ. Wiley,$cc1999-
=336  \\$atext$2rdacontent
=337  \\$acomputer$2rdamedia
=338  \\$aonline resource$2rdacarrier
=362  0\$aVol. 8, issue 1 (Mar. 1999)-
=500  \\$aTitle from general information screen (viewed May 16, 2000).
=500  \\$aLatest issue consulted: Vol. 10, issue 1-2 (Mar.-June 2001).
=530  \\$aAlso issued in print.
=538  \\$aMode of access: World Wide Web.
=540  \\$aCurrent Copyright Fee: GBP32.00$c35\0$5Uk
=650  \0$aChild development$vPeriodicals.
=650  \0$aChild psychology$vPeriodicals.
=650  \0$aParenting$vPeriodicals.
=650  \0$aChild rearing$vPeriodicals.
=776  1\$tInfant and child development$x1522-7227
=780  00$tEarly development & parenting (Online)$x1099-0917
=859  \\$aELD$bejournal
=856  \\$31850-9999$uhttp://onlinelibrary.wiley.com/$xBLDSS
=852  41$aBritish Library$bDSC$j4478.257000$3Volume 15:Issue 1(2006)-Volume 20:Issue 6(2011)***See ESTAR for full holdings.
=852  41$aBritish Library$bHMNTS$jELD Digital store$3Volume 22:Issue 1(2013:Jan./Feb.)-***Previous issues available in print copy
=945  \\$aINFANT AND CHILD DEVELOPMENT
=959  \\$fHeld but not currently received
=CAT  \\$a3072$b40$c20051123$lBLL01$h1533
=CAT  \\$a3072$b40$c20051123$lBLL01$h1538
=CAT  \\$aBATCH-UPD$b40$c20060901$lBLL01$h0959
=CAT  \\$aBATCH-UPD$b40$c20060901$lBLL01$h1030
=CAT  \\$a9541$b40$c20080813$lBLL01$h1014
=CAT  \\$aBATCH-UPD$b40$c20101116$lBLL01$h1334
=CAT  \\$aIPL-CLA$c20101231$lBLL01$h1517
=CAT  \\$a11033$b40$c20110107$lBLL01$h1241
=CAT  \\$aCDS12-UPD$b40$c20120402$lBLL01$h1434
=CAT  \\$aWR12_168$c20121206$lBLL01$h1816
=CAT  \\$a8874$b40$c20130520$lBLL01$h0852
=CAT  \\$aBATCH-CLA$b00$c20130526$lBLL01$h1642
=CAT  \\$aWR13.114$c20130717$lBLL01$h1313
=CAT  \\$aBATCH-PORT$c20130829$lBLL01$h1113
=CAT  \\$aWR14_009$c20140204$lBLL01$h2343
=CAT  \\$aBLDSS-3PM$b00$c20141214$lBLL01$h1523
=CAT  \\$aBATCH-UPD$b00$c20150215$lBLL01$h1656
=CAT  \\$aIPL-CLA$c20150228$lBLL01$h2049
=CAT  \\$aBATCH-UPD$b00$c20160519$lBLL01$h1424
=CAT  \\$aW1711-1005$c20171206$lBLL01$h1817
=CAT  \\$aBATCH-UPD$b00$c20180219$lBLL01$h1747
=CAT  \\$aBATCH-UPD$b00$c20181121$lBLL01$h1622
=CAT  \\$aIPL-CLA$c20181231$lBLL01$h1543
=CAT  \\$aR1911-0245$c20191127$lBLL01$h0823
=CAT  \\$aR1911-0245$c20191127$lBLL01$h1045
=CAT  \\$aIPL-CLA$c20191231$lBLL01$h1936
=CFI  0\$aCurrent Copyright Fee: GBP32.00$c35\0$e01-jan-2020$fGBP32.00$g0$hP$5Uk
=CFI  2\$aPrevious copyright fee: GBP28.00$c35\0$e01-jan-2019$fGBP28.00$g0$hP$5Uk
=EST  \\$a1
=FFP  \\$aY$bBLDSS-3PM
=FIN  \\$aY$d20051123
=MNI  \\$a1522-7227
=SID  \\$aZ39$bOCLC
=TCO  \\$aTRS$bCCC$c008
=TCO  \\$aCLA$bCLA$c008
=TOC  \\$aETOC
=UNO  \\$aY
=ACF  \\$aPrevious Copyright Fee: GBP17.00$c35\0$e01-apr-2005$fGBP17.00$g0$hP$5Uk
=ACF  \\$aPrevious copyright fee: GBP22.00$c35\0$e01-jan-2011$fGBP22.00$g0$hP$5Uk
=ACF  \\$aPrevious copyright fee: GBP24.00$c35\0$e01-mar-2015$fGBP24.00$g0$hP$5Uk
=LAS  \\$aIPL-CLA$b00$c20191231$lBLL01$h1936

