=LDR  03945cas a2200985 a 4500
=001  013344622
=003  Uk
=005  20200729194807.0
=006  m\\\\\o\\d\\\\\\\\
=007  cr\mn|||||||||
=008  000519c19939999nyubr1pso\\\\\0\\\a0eng\d
=FMT  \\$a  SE
=010  \\$a2001212286
=015  \\$aGBB349513$2bnb
=022  0\$a1099-159X$l1062-7995$y1062-7995$21
=037  \\$aISSN_10627995$bPortico$nWiley
=040  \\$aOH1$cOH1$dNSD$dFUG$dEYM$dOCL$dOCLCQ$dOCL$dUk
=042  \\$ansdp$aukblsr
=050  14$aTK2960$b.P76
=082  04$a621.31245$222
=130  0\$aProgress in photovoltaics (Online)
=210  0\$aProg. photovolt.$b(Online)
=222  \0$aProgress in photovoltaics$b(Online)
=245  10$aProgress in photovoltaics$h[electronic resource].
=260  \\$aNew York :$bJ. Wiley
=310  \\$aBimonthly
=336  \\$atext$2rdacontent
=337  \\$acomputer$2rdamedia
=338  \\$aonline resource$2rdacarrier
=362  1\$aPrint began with vol. 1, no. 1 (Jan. 1993).
=500  \\$aDescription based on: Vol. 5, issue 1 (Jan./Feb. 1997); title from general information screen (viewed May 19, 2000).
=500  \\$aLatest issue consulted: Vol. 9, issue 4 (July/Aug. 2001).
=530  \\$aAlso issued in print.
=538  \\$aMode of access: World Wide Web.
=540  \\$aCurrent Copyright Fee: GBP46.00$c35\0$5Uk
=650  \0$aSolar cells$vPeriodicals.
=650  \0$aPhotovoltaic cells$vPeriodicals.
=650  \0$aSolar power plants$vPeriodicals.
=776  1\$tProgress in photovoltaics$x1062-7995
=859  \\$aELD$bejournal
=856  \\$31850-9999$uhttp://onlinelibrary.wiley.com/$xBLDSS
=852  41$aBritish Library$bSTI$jELD Digital store$3Volume 21:Number 1(2013)-***Previous issues available in print copy
=852  41$aBritish Library$bDSC$j6873.060000$3Volume 14:Issue 1(2006)-Volume 19:Issue 8(2011)***See ESTAR for full holdings.
=945  \\$aPROGRESS IN PHOTOVOLTAICS.
=959  \\$fHeld but not currently received
=979  \\$aBritish Library$bDSC$j6873.060000
=CAT  \\$a7332$b40$c20051123$lBLL01$h1550
=CAT  \\$aBATCH-UPD$b40$c20060901$lBLL01$h0959
=CAT  \\$aBATCH-UPD$b40$c20060901$lBLL01$h1030
=CAT  \\$aBATCH-UPD$b40$c20101116$lBLL01$h1334
=CAT  \\$aIPL-CLA$c20101231$lBLL01$h1517
=CAT  \\$aCDS12-UPD$b40$c20120402$lBLL01$h1434
=CAT  \\$aWR12_168$c20121206$lBLL01$h1816
=CAT  \\$aWR13.005$c20130323$lBLL01$h1329
=CAT  \\$a8874$b40$c20130521$lBLL01$h1322
=CAT  \\$aWR13.114$c20130717$lBLL01$h1313
=CAT  \\$aBATCH-PORT$c20130829$lBLL01$h1114
=CAT  \\$aWR14_009$c20140204$lBLL01$h2342
=CAT  \\$aBLDSS-3PM$b00$c20141214$lBLL01$h1523
=CAT  \\$aBATCH-UPD$b00$c20150215$lBLL01$h1656
=CAT  \\$aIPL-CLA$c20150228$lBLL01$h2049
=CAT  \\$aBATCH-UPD$b00$c20160519$lBLL01$h1740
=CAT  \\$aW1711-1005$c20171206$lBLL01$h1817
=CAT  \\$aBATCH-UPD$b00$c20180219$lBLL01$h1747
=CAT  \\$aBATCH-UPD$b00$c20181121$lBLL01$h1622
=CAT  \\$aIPL-CLA$c20181231$lBLL01$h1543
=CAT  \\$aR1911-0245$c20191127$lBLL01$h1015
=CAT  \\$aR1911-0245$c20191127$lBLL01$h1031
=CAT  \\$aR1911-0245$c20191127$lBLL01$h1035
=CAT  \\$aIPL-CLA$c20191231$lBLL01$h1936
=CAT  \\$a5410$b40$c20200729$lBLL01$h1948
=CFI  0\$aCurrent Copyright Fee: GBP46.00$c35\0$e01-jan-2020$fGBP46.00$g0$hP$5Uk
=CFI  2\$aPrevious copyright fee: GBP28.00$c35\0$e01-jan-2019$fGBP28.00$g0$hP$5Uk
=EST  \\$a1
=FFP  \\$aY$bBLDSS-3PM
=FIN  \\$aY$d20051123
=MNI  \\$a1062-7995
=SID  \\$aZ39$bOCLC
=TCO  \\$aTRS$bCCC$c008
=TOC  \\$aETOC
=UNO  \\$aY
=ACF  \\$aPrevious Copyright Fee: GBP17.00$c35\0$e01-apr-2005$fGBP17.00$g0$hP$5Uk
=ACF  \\$aPrevious copyright fee: GBP22.00$c35\0$e01-jan-2011$fGBP22.00$g0$hP$5Uk
=ACF  \\$aPrevious copyright fee: GBP24.00$c35\0$e01-mar-2015$fGBP24.00$g0$hP$5Uk
=LAS  \\$a5410$b40$c20200729$lBLL01$h1948

