=LDR  04407cas a2201009 a 4500
=001  013344631
=003  Uk
=005  20211231154318.0
=006  m\\\\\o\\u\\\\\\\\
=007  cr\cnu||||||||
=008  971230c19779999nyumx1pso\\\\\0\\\a0eng\d
=FMT  \\$a  SE
=010  \\$asn 97001332
=015  \\$aGBB351229$2bnb
=022  0\$a1096-9853$l0363-9061$21
=037  \\$bJohn Wiley & Sons, Inc., 605 3rd Ave., New York, NY 10158
=037  \\$aISSN_03639061$bPortico$nWiley
=040  \\$aNSD$cNSD$dOCL$dNSD$dFUG$dNSD$dOCLCQ$dOCL$dUk
=042  \\$ansdp$aukblsr
=050  04$aTA710.A1
=082  04$a624.1510151$222
=130  0\$aInternational journal for numerical and analytical methods in geomechanics (Online)
=210  0\$aInt. j. numer. anal. methods geomech.$b(Online)
=222  \0$aInternational journal for numerical and analytical methods in geomechanics$b(Online)
=245  10$aInternational journal for numerical and analytical methods in geomechanics$h[electronic resource].
=260  \\$aNew York, NY :$bJohn Wiley & Sons
=310  \\$aTwelve no. a year
=336  \\$atext$2rdacontent
=337  \\$acomputer$2rdamedia
=338  \\$aonline resource$2rdacarrier
=362  1\$aCoverage as of Dec. 8, 2000: abstracts: Vol. 20, issue 1 (Jan. 1996)- ; full text: v. 21, issue 1 (Jan. 1997)-
=500  \\$aDescription based on: Vol. 20, issue 1 (Jan. 1996); title from table of contents (viewed Dec. 8, 2000).
=530  \\$aAlso issued in print.
=538  \\$aMode of access: World Wide Web.
=595  \\$aABSORBS 5424.044.
=540  \\$aCurrent copyright fee: GBP46.00$c35\0$5Uk
=650  \0$aSoil mechanics$xMathematics$vPeriodicals.
=650  \0$aRock mechanics$xMathematics$vPeriodicals.
=776  1\$tInternational journal for numerical and analytical methods in geomechanics$x0363-9061
=859  \\$aELD$bejournal
=856  \\$31850-9999$uhttp://onlinelibrary.wiley.com/$xBLDSS
=852  41$aBritish Library$bSTI$jELD Digital store$3Volume 37:Number 1(2013)-***Previous issues available in print copy
=852  41$aBritish Library$bDSC$j4542.403000$3Volume 30:Issue 1(2006)-Volume 35:Issue 18(2011)***See ESTAR for full holdings.
=945  \\$aINTERNATIONAL JOURNAL FOR NUMERICAL AND ANALYTICAL METHODS IN GEOMECHANICS
=959  \\$fHeld but not currently received
=CAT  \\$a3072$b40$c20051123$lBLL01$h1554
=CAT  \\$a3072$b40$c20051123$lBLL01$h1558
=CAT  \\$aBATCH-UPD$b40$c20060901$lBLL01$h0959
=CAT  \\$aBATCH-UPD$b40$c20060901$lBLL01$h1030
=CAT  \\$aBATCH-UPD$b40$c20101116$lBLL01$h1334
=CAT  \\$aIPL-CLA$c20101231$lBLL01$h1517
=CAT  \\$aCDS12-UPD$b40$c20120402$lBLL01$h1434
=CAT  \\$aWR12_168$c20121206$lBLL01$h1836
=CAT  \\$aBATCH-CLA$b00$c20130526$lBLL01$h1643
=CAT  \\$a8874$b40$c20130528$lBLL01$h0846
=CAT  \\$aWR13.114$c20130717$lBLL01$h1313
=CAT  \\$aBATCH-PORT$c20130829$lBLL01$h1113
=CAT  \\$aWR14_009$c20140204$lBLL01$h2342
=CAT  \\$aBLDSS-3PM$b00$c20141214$lBLL01$h1523
=CAT  \\$aBATCH-UPD$b00$c20150215$lBLL01$h1656
=CAT  \\$aIPL-CLA$c20150228$lBLL01$h2049
=CAT  \\$aBATCH-UPD$b00$c20160519$lBLL01$h1728
=CAT  \\$aW1711-1005$c20171206$lBLL01$h1817
=CAT  \\$aBATCH-UPD$b00$c20180219$lBLL01$h1747
=CAT  \\$aBATCH-UPD$b00$c20181121$lBLL01$h1622
=CAT  \\$aIPL-CLA$c20181231$lBLL01$h1543
=CAT  \\$aR1911-0245$c20191127$lBLL01$h0945
=CAT  \\$aR1911-0245$c20191127$lBLL01$h1045
=CAT  \\$aIPL-CLA$c20191231$lBLL01$h1936
=CAT  \\$aW2111-0842$c20211209$lBLL01$h1035
=CAT  \\$aIPL-CLA$c20211231$lBLL01$h1543
=CFI  0\$aCurrent copyright fee: GBP46.00$c35\0$e01-jan-2022$fGBP46.00$g0$hP$5Uk
=CFI  2\$aPrevious Copyright Fee: GBP39.00$c35\0$e01-jan-2020$fGBP39.00$g0$hP$5Uk
=EST  \\$a1
=FFP  \\$aY$bBLDSS-3PM
=FIN  \\$aY$d20051123
=MNI  \\$a0363-9061
=SID  \\$aZ39$bOCLC
=TCO  \\$aTRS$bCCC$c008
=TCO  \\$aCLA$bCLA$c008
=TOC  \\$aETOC
=UNO  \\$aY
=ACF  \\$aPrevious Copyright Fee: GBP17.00$c35\0$e01-apr-2005$fGBP17.00$g0$hP$5Uk
=ACF  \\$aPrevious copyright fee: GBP22.00$c35\0$e01-jan-2011$fGBP22.00$g0$hP$5Uk
=ACF  \\$aPrevious copyright fee: GBP24.00$c35\0$e01-mar-2015$fGBP24.00$g0$hP$5Uk
=ACF  \\$aPrevious copyright fee: GBP28.00$c35\0$e01-jan-2019$fGBP28.00$g0$hP$5Uk
=LAS  \\$aIPL-CLA$b00$c20211231$lBLL01$h1543

