=LDR  04119cas a2200961 a 4500
=001  013344656
=003  Uk
=005  20191231193639.0
=006  m\\\\\o\\u\\\\\\\\
=007  cr\cnu||||||||
=008  980108c19699999nyusx1pso\\\\\0\\\a0eng\d
=FMT  \\$a  SE
=010  \\$asn 97001395
=015  \\$aGBB350849$2bnb
=022  0\$a1097-0207$l0029-5981$21
=037  \\$bJohn Wiley & Sons, Inc., 605 3rd Ave., New York, NY 10158
=037  \\$aISSN_00295981$bPortico$nWiley
=040  \\$aNSD$cNSD$dOCL$dNSD$dOCLCQ$dUk
=042  \\$ansdp$aukblsr
=050  \4$aTA329$b.I57
=082  04$a620.001518$222
=130  0\$aInternational journal for numerical methods in engineering (Online)
=210  0\$aInt. j. numer. methods eng.$b(Online)
=222  \0$aInternational journal for numerical methods in engineering$b(Online)
=245  10$aInternational journal for numerical methods in engineering$h[electronic resource].
=260  \\$aNew York, NY :$bJohn Wiley & Sons
=310  \\$aTwenty four no. a year
=336  \\$atext$2rdacontent
=337  \\$acomputer$2rdamedia
=338  \\$aonline resource$2rdacarrier
=362  1\$aCoverage as of Dec. 8, 2000: abstracts: Vol. 39, issue 1 (15 Jan. 2000)- ; full text: v. 40, issue 1 (15 Jan. 1997)-
=500  \\$aDescription based on: Vol. 39, issue 1 (15 Jan. 2000); title from table of contents (viewed Dec. 8, 2000).
=530  \\$aAlso issued in print.
=538  \\$aMode of access: World Wide Web.
=540  \\$aCurrent Copyright Fee: GBP46.00$c35\0$5Uk
=650  \0$aNumerical analysis$vPeriodicals.
=650  \0$aEngineering mathematics$vPeriodicals.
=776  08$iPrint version:$tInternational journal for numerical methods in engineering$x0029-5981
=859  \\$aELD$bejournal
=856  \\$31850-9999$uhttp://onlinelibrary.wiley.com/$xBLDSS
=852  41$aBritish Library$bSTI$jELD Digital store$3Volume 93:Number 1(2013)-***Previous issues available in print copy
=852  41$aBritish Library$bDSC$j4542.404000$3Volume 65:Issue 1(2006)-Volume 100:Issue 13(2014)***See ESTAR for full holdings.
=945  \\$aINTERNATIONAL JOURNAL FOR NUMERICAL METHODS IN ENGINEERING
=959  \\$fHeld but not currently received
=CAT  \\$a3072$b40$c20051123$lBLL01$h1610
=CAT  \\$a3072$b40$c20051123$lBLL01$h1611
=CAT  \\$a11279$b40$c20060103$lBLL01$h1553
=CAT  \\$aBATCH-UPD$b40$c20060901$lBLL01$h0959
=CAT  \\$aBATCH-UPD$b40$c20060901$lBLL01$h1030
=CAT  \\$aBATCH-UPD$b40$c20101116$lBLL01$h1334
=CAT  \\$aIPL-CLA$c20101231$lBLL01$h1517
=CAT  \\$aWR12_168$c20121206$lBLL01$h1816
=CAT  \\$a8874$b40$c20130524$lBLL01$h0830
=CAT  \\$aWR13.114$c20130717$lBLL01$h1313
=CAT  \\$aBATCH-PORT$c20130829$lBLL01$h1113
=CAT  \\$aWR14_009$c20140204$lBLL01$h2343
=CAT  \\$aBLDSS-3PM$b00$c20141214$lBLL01$h1523
=CAT  \\$aBATCH-UPD$b00$c20150215$lBLL01$h1656
=CAT  \\$aIPL-CLA$c20150228$lBLL01$h2049
=CAT  \\$aCDS15-UPD$b40$c20150918$lBLL01$h1639
=CAT  \\$aBATCH-UPD$b40$c20160519$lBLL01$h1729
=CAT  \\$aW1711-1005$c20171206$lBLL01$h1817
=CAT  \\$aBATCH-UPD$b00$c20180219$lBLL01$h1747
=CAT  \\$aBATCH-UPD$b00$c20181121$lBLL01$h1622
=CAT  \\$aIPL-CLA$c20181231$lBLL01$h1543
=CAT  \\$aR1911-0245$c20191127$lBLL01$h1015
=CAT  \\$aR1911-0245$c20191127$lBLL01$h1031
=CAT  \\$aR1911-0245$c20191127$lBLL01$h1035
=CAT  \\$aIPL-CLA$c20191231$lBLL01$h1936
=CFI  0\$aCurrent Copyright Fee: GBP46.00$c35\0$e01-jan-2020$fGBP46.00$g0$hP$5Uk
=CFI  2\$aPrevious copyright fee: GBP28.00$c35\0$e01-jan-2019$fGBP28.00$g0$hP$5Uk
=EST  \\$a1
=FFP  \\$aY$bBLDSS-3PM
=FIN  \\$aY$d20051123
=MNI  \\$a0029-5981
=SID  \\$aZ39$bOCLC
=TCO  \\$aTRS$bCCC$c008
=TOC  \\$aETOC
=UNO  \\$aY
=ACF  \\$aPrevious Copyright Fee: GBP17.00$c35\0$e01-apr-2005$fGBP17.00$g0$hP$5Uk
=ACF  \\$aPrevious copyright fee: GBP22.00$c35\0$e01-jan-2011$fGBP22.00$g0$hP$5Uk
=ACF  \\$aPrevious copyright fee: GBP24.00$c35\0$e01-mar-2015$fGBP24.00$g0$hP$5Uk
=LAS  \\$aIPL-CLA$b00$c20191231$lBLL01$h1936

