=LDR  04211cas a2200997 a 4500
=001  013344692
=003  Uk
=005  20191231193639.0
=006  m\\\\\o\\d\\\\\\\\
=007  cr\cnu||||||||
=008  980108c19739999nyubx1pso\\\\\0\\\a0eng\d
=FMT  \\$a  SE
=010  \\$asn 97001388
=015  \\$aGBB350970$2bnb
=022  0\$a1097-007X$l0098-9886$21
=037  \\$bJohn Wiley & Sons, Inc., 605 3rd Ave., New York, NY 10158
=037  \\$aISSN_00989886$bPortico$nWiley
=040  \\$aNSD$cNSD$dOCL$dNSD$dFUG$dTJC$dOCLCQ$dDLC$dOCLCQ$dUk
=042  \\$ansdp$aukblsr
=050  04$aTK454
=082  04$a621.319205$222
=130  0\$aInternational journal of circuit theory and applications (Online)
=210  0\$aInt. j. circuit theory appl.$b(Online)
=222  \0$aInternational journal of circuit theory and applications$b(Online)
=245  10$aInternational journal of circuit theory and applications$h[electronic resource].
=260  \\$aNew York, NY :$bJohn Wiley & Sons
=310  \\$aSix no. a year
=336  \\$atext$2rdacontent
=337  \\$acomputer$2rdamedia
=338  \\$aonline resource$2rdacarrier
=362  1\$aPrint began with vol. 1 (1973).
=500  \\$aDescription based on: Vol. 25, issue 1 (Jan./Feb. 1997); title from table of contents (viewed Dec. 8, 2000).
=530  \\$aAlso issued in print.
=530  \\$aFirst 24 vols. also available on single archival CD-ROM.
=538  \\$aMode of access: World Wide Web.
=540  \\$aCurrent Copyright Fee: GBP39.00$c35\0$5Uk
=650  \0$aElectric circuit analysis$vPeriodicals.
=776  1\$tInternational journal of circuit theory and applications$x0098-9886
=776  1\$tInternational journal of circuit theory and applications (CD-ROM)
=859  \\$aELD$bejournal
=856  \\$31850-9999$uhttp://onlinelibrary.wiley.com/$xBLDSS
=852  41$aBritish Library$bSTI$jELD Digital store$3Volume 41:Number 1(2013:Jan.)-***Previous issues available in print copy
=852  41$aBritish Library$bDSC$j4542.167000$3Volume 34:Issue 1(2006)-Volume 39:Issue 12(2011)***See ESTAR for full holdings.
=945  \\$aINTERNATIONAL JOURNAL OF CIRCUIT THEORY AND APPLICATIONS
=959  \\$fHeld but not currently received
=CAT  \\$a3072$b40$c20051123$lBLL01$h1637
=CAT  \\$a3072$b40$c20051123$lBLL01$h1640
=CAT  \\$a8409$b40$c20060221$lBLL01$h1503
=CAT  \\$aBATCH-UPD$b40$c20060901$lBLL01$h0959
=CAT  \\$aBATCH-UPD$b40$c20060901$lBLL01$h1030
=CAT  \\$a7792$b40$c20080121$lBLL01$h1537
=CAT  \\$aBATCH-UPD$b40$c20101116$lBLL01$h1334
=CAT  \\$aIPL-CLA$c20101231$lBLL01$h1517
=CAT  \\$aCDS12-UPD$b40$c20120402$lBLL01$h1434
=CAT  \\$aWR12_168$c20121206$lBLL01$h1816
=CAT  \\$a8874$b40$c20130524$lBLL01$h1359
=CAT  \\$aBATCH-CLA$b00$c20130526$lBLL01$h1642
=CAT  \\$aWR13.114$c20130717$lBLL01$h1313
=CAT  \\$aBATCH-PORT$c20130829$lBLL01$h1113
=CAT  \\$aWR14_009$c20140204$lBLL01$h2344
=CAT  \\$aBLDSS-3PM$b00$c20141214$lBLL01$h1523
=CAT  \\$aBATCH-UPD$b00$c20150215$lBLL01$h1656
=CAT  \\$aIPL-CLA$c20150228$lBLL01$h2049
=CAT  \\$aBATCH-UPD$b00$c20160518$lBLL01$h1933
=CAT  \\$aW1711-1005$c20171206$lBLL01$h1817
=CAT  \\$aBATCH-UPD$b00$c20180219$lBLL01$h1747
=CAT  \\$aBATCH-UPD$b00$c20181121$lBLL01$h1622
=CAT  \\$aIPL-CLA$c20181231$lBLL01$h1543
=CAT  \\$aR1911-0245$c20191127$lBLL01$h0945
=CAT  \\$aR1911-0245$c20191127$lBLL01$h1045
=CAT  \\$aIPL-CLA$c20191231$lBLL01$h1936
=CFI  0\$aCurrent Copyright Fee: GBP39.00$c35\0$e01-jan-2020$fGBP39.00$g0$hP$5Uk
=CFI  2\$aPrevious copyright fee: GBP28.00$c35\0$e01-jan-2019$fGBP28.00$g0$hP$5Uk
=EST  \\$a1
=FFP  \\$aY$bBLDSS-3PM
=FIN  \\$aY$d20051123
=MNI  \\$a0098-9886
=SID  \\$aZ39$bOCLC
=TCO  \\$aTRS$bCCC$c008
=TCO  \\$aCLA$bCLA$c008
=TOC  \\$aETOC
=UNO  \\$aY
=ACF  \\$aPrevious Copyright Fee: GBP17.00$c35\0$e01-apr-2005$fGBP17.00$g0$hP$5Uk
=ACF  \\$aPrevious copyright fee: GBP22.00$c35\0$e01-jan-2011$fGBP22.00$g0$hP$5Uk
=ACF  \\$aPrevious copyright fee: GBP24.00$c35\0$e01-mar-2015$fGBP24.00$g0$hP$5Uk
=LAS  \\$aIPL-CLA$b00$c20191231$lBLL01$h1936

