=LDR  04404cas a2201057 a 4500
=001  013344748
=003  Uk
=005  20221017132536.0
=006  m\\\\\\\\d\\\\\\\\
=007  cr\|||||||||||
=008  990629c19949999gw\sr\pss\\\\\0\\\a0eng\d
=FMT  \\$a  SE
=010  \\$a2004233570
=015  \\$aGBB434902$2bnb
=022  \\$a1521-3927$y1022-1336
=037  \\$aISSN_10221336$bPortico$nWiley
=040  \\$aDLM$cDLM$dRBN$dTJC$dOCLCQ$dGUA$dIUL$dUk
=042  \\$aukblsr
=050  14$aQD380
=082  04$a547.705$223
=130  0\$aMacromolecular rapid communications (Online)
=222  \0$aMacromolecular rapid communications$b(Internet)
=245  10$aMacromolecular rapid communications$h[electronic resource].
=246  13$aMRC
=260  \\$a[Basel] :$bHüthig & Wepf
=264  31$aWeinheim, Germany :$bWiley-VCH Verlag GmbH & Co. KGaA
=310  \\$aSemimonthly,$b2004-
=321  \\$aMonthly,$b1994-1999
=321  \\$a18 issues yearly,$b2000-2003
=336  \\$atext$2rdacontent
=337  \\$acomputer$2rdamedia
=338  \\$aonline resource$2rdacarrier
=362  1\$aBegan with: Vol. 15, issue 1 (Jan. 1994).
=500  \\$aPublished: Weinheim, Germany : Wiley-VCH, <2002->.
=500  \\$aDescription based on: Vol. 19, issue 1 (Jan. 1998); title from contents screen (Interscience, viewed May 24, 2004).
=500  \\$aLatest issue consulted: volume 35, issue 6 (March 2014) (Wiley Online Library, viewed March 31, 2014).
=580  \\$aIncludes issues from former title: Makromolekulare Chemie. Rapid communications.
=538  \\$aMode of access: World Wide Web.
=540  \\$aCurrent Copyright Fee: GBP39.00$c35\0$5Uk
=650  \0$aMacromolecules$vPeriodicals.
=650  \0$aPolymers$vPeriodicals.
=650  \0$aChemistry$vPeriodicals.
=776  1\$tMacromolecular rapid communications$x1022-1336
=780  10$tMakromolekulare Chemie (Online). Rapid communications
=859  \\$aELD$bejournal
=856  \\$31850-9999$uhttp://onlinelibrary.wiley.com/$xBLDSS
=852  41$aBritish Library$bHMNTS$jELD Digital store$3Volume 34:Issue 1(2013:Jan.)-***Previous issues available in print copy
=852  41$aBritish Library$bDSC$j5330.400000$3Volume 24:Issue 4(2003)-Volume 35:Issue 24(2014)***See ESTAR for full holdings.
=945  \\$aMACROMOLECULAR RAPID COMMUNICATIONS.
=959  \\$fHeld but not currently received
=979  \\$aBritish Library$bDSC$j5330.400000
=CAT  \\$a11281$b40$c20051124$lBLL01$h0838
=CAT  \\$a11281$b40$c20051124$lBLL01$h0845
=CAT  \\$aBATCH-UPD$b40$c20060901$lBLL01$h0959
=CAT  \\$aBATCH-UPD$b40$c20060901$lBLL01$h1030
=CAT  \\$aBATCH-UPD$b40$c20101116$lBLL01$h1334
=CAT  \\$aIPL-CLA$c20101231$lBLL01$h1517
=CAT  \\$aWR12_168$c20121206$lBLL01$h1816
=CAT  \\$aWR13.005$c20130323$lBLL01$h1329
=CAT  \\$a5997$b40$c20140331$lBLL01$h1400
=CAT  \\$a5997$b40$c20140331$lBLL01$h1405
=CAT  \\$a11433$b40$c20140410$lBLL01$h0951
=CAT  \\$aBLDSS-3PM$b00$c20141214$lBLL01$h1523
=CAT  \\$aBATCH-UPD$b00$c20150215$lBLL01$h1656
=CAT  \\$aIPL-CLA$c20150228$lBLL01$h2049
=CAT  \\$aCDS15-UPD$b40$c20150918$lBLL01$h1639
=CAT  \\$aBATCH-UPD$b40$c20160519$lBLL01$h1507
=CAT  \\$aW1711-1005$c20171206$lBLL01$h1817
=CAT  \\$aBATCH-UPD$b00$c20180219$lBLL01$h1747
=CAT  \\$aBATCH-UPD$b00$c20181121$lBLL01$h1622
=CAT  \\$aIPL-CLA$c20181231$lBLL01$h1543
=CAT  \\$aR1911-0245$c20191127$lBLL01$h0944
=CAT  \\$aR1911-0245$c20191127$lBLL01$h1045
=CAT  \\$a5410$b40$c20191206$lBLL01$h0931
=CAT  \\$aIPL-CLA$c20191231$lBLL01$h1936
=CAT  \\$a5410$b40$c20221017$lBLL01$h1325
=CFI  0\$aCurrent Copyright Fee: GBP39.00$c35\0$e01-jan-2020$fGBP39.00$g0$hP$5Uk
=CFI  2\$aPrevious copyright fee: GBP28.00$c35\0$e01-jan-2019$fGBP28.00$g0$hP$5Uk
=EST  \\$a1
=FFP  \\$aY$bBLDSS-3PM
=FIN  \\$aY$d20051124
=LET  \0$aMacromolecular rapid communications (Electronic)
=MNI  \\$a1022-1336
=SID  \\$aZ39$bOCLC
=TCO  \\$aDEU$bVG WORT$c008
=TOC  \\$aETOC
=UNO  \\$aY
=ACF  \\$aPrevious Copyright Fee: GBP17.00$c35\0$e01-apr-2005$fGBP17.00$g0$hP$5Uk
=ACF  \\$aPrevious copyright fee: GBP22.00$c35\0$e01-jan-2011$fGBP22.00$g0$hP$5Uk
=ACF  \\$aPrevious copyright fee: GBP24.00$c35\0$e01-mar-2015$fGBP24.00$g0$hP$5Uk
=LAS  \\$a5410$b40$c20221017$lBLL01$h1325

