=LDR  04151cas a2201009 a 4500
=001  013344757
=003  Uk
=005  20220601103331.0
=006  m\\\\\\\\d\\\\\\\\
=007  cr\|||||||||||
=008  990629c19949999gw\bx\pss\\\\\0\\\a0eng\d
=FMT  \\$a  SE
=010  \\$a2004233696
=015  \\$aGBB434918$2bnb
=022  0\$a1521-3919
=037  \\$aISSN_10221344$bPortico$nWiley
=040  \\$aDLM$cDLM$dTJC$dOCLCQ$dLVB$dOCLCQ$dGUA$dUk
=042  \\$aukblsr
=050  14$aQD380
=082  04$a547.705$223
=130  0\$aMacromolecular theory and simulations (Online)
=210  0\$aMacromol. theory simul.$b(Internet)
=222  \0$aMacromolecular theory and simulations$b(Internet)
=245  10$aMacromolecular theory and simulations$h[electronic resource].
=260  \\$aWeinheim :$bWiley-VCH
=310  \\$a9 issues a year,$b2000-
=321  \\$aBimonthly,$b<1998>-1999
=336  \\$atext$2rdacontent
=337  \\$acomputer$2rdamedia
=338  \\$aonline resource$2rdacarrier
=362  1\$aPrint began with vol. 3, no. 1 (Jan. 1994).
=500  \\$aDescription based on: Vol. 7, issue 1 (Jan. 1998); title from contents screen (InterScience, viewed June 1, 2004).
=588  \\$aLatest issue consulted: volume 23, issue 3 (March 2014) (Wiley Online Library, viewedMarch 31, 2014).
=538  \\$aMode of access: World Wide Web.
=540  \\$aCurrent Copyright Fee: GBP39.00$c35\0$5Uk
=650  \0$aMacromolecules$vPeriodicals.
=650  \0$aPolymers$vPeriodicals.
=650  \0$aPolymerization$vPeriodicals.
=650  \6$aMacromolécules$vPériodiques.
=776  08$iPrint version:$tMacromolecular theory and simulations$x1022-1344
=859  \\$aELD$bejournal
=856  \\$31850-9999$uhttp://onlinelibrary.wiley.com/$xBLDSS
=852  41$aBritish Library$bDSC$j5330.418000$3Volume 15:Issue 1(2006)-Volume 24:Issue 1(2015)***See ESTAR for full holdings.
=852  41$aBritish Library$bHMNTS$jELD Digital store$3Volume 22:Issue 1(2013)-***Previous issues available in print copy
=945  \\$aMACROMOLECULAR THEORY AND SIMULATIONS.
=959  \\$fHeld but not currently received
=CAT  \\$a11281$b40$c20051124$lBLL01$h0851
=CAT  \\$a11281$b40$c20051124$lBLL01$h0854
=CAT  \\$aBATCH-UPD$b40$c20060901$lBLL01$h0959
=CAT  \\$aBATCH-UPD$b40$c20060901$lBLL01$h1030
=CAT  \\$aBATCH-UPD$b40$c20101116$lBLL01$h1334
=CAT  \\$aIPL-CLA$c20101231$lBLL01$h1517
=CAT  \\$aWR12_168$c20121206$lBLL01$h1816
=CAT  \\$aWR13.005$c20130323$lBLL01$h1329
=CAT  \\$a5997$b40$c20140331$lBLL01$h1452
=CAT  \\$a11433$b40$c20140410$lBLL01$h1127
=CAT  \\$aBLDSS-3PM$b00$c20141214$lBLL01$h1523
=CAT  \\$aBATCH-UPD$b00$c20150215$lBLL01$h1656
=CAT  \\$aIPL-CLA$c20150228$lBLL01$h2049
=CAT  \\$aCDS15-UPD$b40$c20150918$lBLL01$h1639
=CAT  \\$aBATCH-UPD$b40$c20160616$lBLL01$h2102
=CAT  \\$aW1711-1005$c20171206$lBLL01$h1817
=CAT  \\$aBATCH-UPD$b00$c20180219$lBLL01$h1747
=CAT  \\$aBATCH-UPD$b00$c20181121$lBLL01$h1622
=CAT  \\$aIPL-CLA$c20181231$lBLL01$h1543
=CAT  \\$a5410$b40$c20190923$lBLL01$h1132
=CAT  \\$a5410$b40$c20191009$lBLL01$h0937
=CAT  \\$aR1911-0245$c20191127$lBLL01$h0944
=CAT  \\$aR1911-0245$c20191127$lBLL01$h1045
=CAT  \\$aIPL-CLA$c20191231$lBLL01$h1936
=CAT  \\$a12654$b40$c20220427$lBLL01$h0711
=CAT  \\$a5410$b40$c20220601$lBLL01$h1033
=CFI  0\$aCurrent Copyright Fee: GBP39.00$c35\0$e01-jan-2020$fGBP39.00$g0$hP$5Uk
=CFI  2\$aPrevious copyright fee: GBP28.00$c35\0$e01-jan-2019$fGBP28.00$g0$hP$5Uk
=EST  \\$a1
=FFP  \\$aY$bBLDSS-3PM
=FIN  \\$aY$d20051124
=LET  \0$aMacromolecular theory and simulations (Print)
=MNI  \\$a1022-1344
=SID  \\$aZ39$bOCLC
=TCO  \\$aDEU$bVG WORT$c008
=TOC  \\$aETOC
=UNO  \\$aY
=ACF  \\$aPrevious Copyright Fee: GBP17.00$c35\0$e01-apr-2005$fGBP17.00$g0$hP$5Uk
=ACF  \\$aPrevious copyright fee: GBP22.00$c35\0$e01-jan-2011$fGBP22.00$g0$hP$5Uk
=ACF  \\$aPrevious copyright fee: GBP24.00$c35\0$e01-mar-2015$fGBP24.00$g0$hP$5Uk
=LAS  \\$a5410$b40$c20220601$lBLL01$h1033

