=LDR  04229cas a2201021 a 4500
=001  013344795
=003  Uk
=005  20230314151505.0
=006  m\\\\\\\\d\\\\\\\\
=007  cr\cn\\\\\\\\\
=008  040913c20049999gw\uu\pss\\\\\0\\\\0eng\d
=FMT  \\$a  SE
=010  \\$a2005222123
=022  \\$a1613-4133$y1613-4125
=037  \\$aISSN_16134125$bPortico$nWiley
=040  \\$aOUN$cOUN$dOCLCQ$dCLU$dOCL$dOCLCQ$dUk
=050  14$aTX341
=082  04$a664.0705$222
=130  0\$aMolecular nutrition & food research (Online)
=222  \0$aMolecular nutrition & food research$b(Internet)
=245  10$aMolecular nutrition & food research$h[electronic resource].
=246  3\$aMolecular nutrition and food research
=260  \\$aWeinheim, Germany ;$a[Hoboken, N.J.] :$bWiley,$cc2004-
=336  \\$atext$2rdacontent
=337  \\$acomputer$2rdamedia
=338  \\$aonline resource$2rdacarrier
=362  0\$aVol. 48, issue 4 (Sept. 2004)-
=500  \\$aTitle from issue contents page (Interscience, viewed Mar. 23, 2005).
=500  \\$aLatest issue consulted: Vol. 49, issue 3 (Mar. 2005) (viewed Mar. 23, 2005).
=538  \\$aMode of access: World Wide Web.
=540  \\$aCurrent copyright fee: GBP46.00$c35\0$5Uk
=650  \0$aFood$xBiotechnology$vPeriodicals.
=650  \0$aFood$xMicrobiology$vPeriodicals.
=650  \0$aNutrition$vPeriodicals.
=650  \0$aFood$xToxicology$vPeriodicals.
=650  12$aNutrition$vPeriodicals.
=650  22$aFood Microbiology$vPeriodicals.
=650  22$aFood Technology$vPeriodicals.
=650  22$aMolecular Biology$vPeriodicals.
=776  08$iPrint version:$tMolecuar nutrition & food research$x1613-4125
=780  00$tNahrung (Online)$x1521-3803
=859  \\$aELD$bejournal
=856  \\$31850-9999$uhttp://onlinelibrary.wiley.com/$xBLDSS
=852  41$aBritish Library$bHMNTS$jELD Digital store$3Volume 57:Issue 1(2013:Jan.)-***Previous issues available in print copy
=852  41$aBritish Library$bDSC$j5900.817992$3Volume 50:Issue 1(2006)-Volume 62:Issue 5(2018)***See ESTAR for full holdings.
=945  \\$aMolecular nutrition and food research
=959  \\$fHeld but not currently received
=979  \\$aBritish Library$bDSC$j5900.817992
=CAT  \\$a11281$b40$c20051124$lBLL01$h0928
=CAT  \\$a11281$b40$c20051124$lBLL01$h0930
=CAT  \\$aBATCH-UPD$b40$c20060901$lBLL01$h0959
=CAT  \\$aBATCH-UPD$b40$c20060901$lBLL01$h1030
=CAT  \\$a5137$b40$c20080513$lBLL01$h1113
=CAT  \\$aBATCH-UPD$b40$c20101116$lBLL01$h1334
=CAT  \\$aIPL-CLA$c20101231$lBLL01$h1517
=CAT  \\$aWR12_168$c20121206$lBLL01$h1816
=CAT  \\$a11433$b40$c20140410$lBLL01$h1645
=CAT  \\$aBLDSS-3PM$b00$c20141214$lBLL01$h1523
=CAT  \\$aBATCH-UPD$b00$c20150215$lBLL01$h1656
=CAT  \\$aIPL-CLA$c20150228$lBLL01$h2049
=CAT  \\$aBATCH-UPD$b00$c20160526$lBLL01$h1822
=CAT  \\$aW1711-1005$c20171206$lBLL01$h1817
=CAT  \\$aBATCH-UPD$b00$c20180219$lBLL01$h1747
=CAT  \\$aW1805-0471$c20180520$lBLL01$h1139
=CAT  \\$aBATCH-UPD$b00$c20181121$lBLL01$h1622
=CAT  \\$aIPL-CLA$c20181231$lBLL01$h1543
=CAT  \\$a5410$b40$c20190807$lBLL01$h1554
=CAT  \\$aR1911-0245$c20191127$lBLL01$h0944
=CAT  \\$aR1911-0245$c20191127$lBLL01$h1045
=CAT  \\$aIPL-CLA$c20191231$lBLL01$h1936
=CAT  \\$aW2111-0842$c20211209$lBLL01$h1035
=CAT  \\$aIPL-CLA$c20211231$lBLL01$h1543
=CAT  \\$a5410$b40$c20230314$lBLL01$h1515
=CFI  0\$aCurrent copyright fee: GBP46.00$c35\0$e01-jan-2022$fGBP46.00$g0$hP$5Uk
=CFI  2\$aPrevious Copyright Fee: GBP39.00$c35\0$e01-jan-2020$fGBP39.00$g0$hP$5Uk
=EST  \\$a1
=FFP  \\$aY$bBLDSS-3PM
=FIN  \\$aY$d20051124
=MNI  \\$a1613-4125
=SID  \\$aZ39$bOCLC
=TCO  \\$aDEU$bVG WORT$c008
=TOC  \\$aETOC
=UNO  \\$aY
=ACF  \\$aPrevious Copyright Fee: GBP17.00$c35\0$e01-apr-2005$fGBP17.00$g0$hP$5Uk
=ACF  \\$aPrevious copyright fee: GBP22.00$c35\0$e01-jan-2011$fGBP22.00$g0$hP$5Uk
=ACF  \\$aPrevious copyright fee: GBP24.00$c35\0$e01-mar-2015$fGBP24.00$g0$hP$5Uk
=ACF  \\$aPrevious copyright fee: GBP28.00$c35\0$e01-jan-2019$fGBP28.00$g0$hP$5Uk
=LAS  \\$a5410$b40$c20230314$lBLL01$h1515

