=LDR  04314cas a2201045 a 4500
=001  013344800
=003  Uk
=005  20211231154319.0
=006  m\\\\\\\\d\\\\\\\\
=007  cr\cnu\\\\\\\\
=008  980108c19899999enkmx1pss\\\\\0\\\a0eng\d
=FMT  \\$a  SE
=010  \\$asn 97001389
=015  \\$aGBA600012$2bnb
=022  0\$a1097-0088
=037  \\$bJohn Wiley & Sons, Inc., 605 3rd Ave., New York, NY 10158
=037  \\$aISSN_08998418$bPortico$nWiley
=040  \\$aNSD$cNSD$dOCL$dIUL$dNSD$dTJC$dOCLCQ$dMUQ$dOCL$dUk
=042  \\$aukblsr$ansdp
=082  04$a551.605$222
=130  0\$aInternational journal of climatology (Online)
=210  0\$aInt. j. climatol.$b(Online)
=222  \0$aInternational journal of climatology$b(Online)
=245  10$aInternational journal of climatology$h[electronic resource].
=246  30$aClimatology
=260  \\$a[England] :$bRoyal Meteorological Society
=310  \\$aFifteen no. a year
=336  \\$atext$2rdacontent
=337  \\$acomputer$2rdamedia
=338  \\$aonline resource$2rdacarrier
=362  1\$aPrint began with vol. 9, no. 1 (Jan.-Feb. 1989).
=500  \\$aDescription based on: Vol. 17, issue 1 (Jan. 1997); title from journal home page (viewed Dec. 9, 1999).
=500  \\$aLatest issue consulted: Vol. 19, issue 15 (Dec. 1999).
=530  \\$aAlso issued in print.
=538  \\$aMode of access: World Wide Web.
=595  \\$aFORMERLY 4958.3698 UP TO VOL. 8, 1988.
=540  \\$aCurrent copyright fee: GBP39.00$c35\0$5Uk
=650  \0$aClimatology$vPeriodicals.
=650  \6$aClimat$xPériodiques.
=650  \6$aClimatologie$vPériodiques.
=710  2\$aRoyal Meteorological Society (Great Britain)
=710  2\$aWiley InterScience (Online service)
=776  1\$tInternational journal of climatology$x0899-8418
=859  \\$aELD$bejournal
=856  \\$31850-9999$uhttp://onlinelibrary.wiley.com/$xBLDSS
=852  41$aBritish Library$bDSC$j4542.168000$3Volume 26:Issue 1(2006)-Volume 34:Issue 15(2014)***See ESTAR for full holdings.
=852  41$aBritish Library$bSTI$jELD Digital store$3Volume 33:Number 1(2013)-***Previous issues available in print copy
=945  \\$aINTERNATIONAL JOURNAL OF CLIMATOLOGY
=959  \\$fHeld but not currently received
=CAT  \\$a3072$b40$c20051124$lBLL01$h0932
=CAT  \\$a3072$b40$c20051124$lBLL01$h0937
=CAT  \\$a3072$b40$c20051124$lBLL01$h0953
=CAT  \\$a3072$b40$c20051124$lBLL01$h1111
=CAT  \\$aBATCH-UPD$b40$c20060901$lBLL01$h0959
=CAT  \\$aBATCH-UPD$b40$c20060901$lBLL01$h1030
=CAT  \\$aBATCH-UPD$b40$c20101116$lBLL01$h1334
=CAT  \\$aIPL-CLA$c20101231$lBLL01$h1517
=CAT  \\$aWR12_168$c20121206$lBLL01$h1836
=CAT  \\$aWR13.114$c20130717$lBLL01$h1313
=CAT  \\$aBATCH-PORT$c20130829$lBLL01$h1113
=CAT  \\$aWR14_009$c20140204$lBLL01$h2343
=CAT  \\$aBLDSS-3PM$b00$c20141214$lBLL01$h1523
=CAT  \\$aBATCH-UPD$b00$c20150215$lBLL01$h1656
=CAT  \\$aIPL-CLA$c20150228$lBLL01$h2049
=CAT  \\$aCDS15-UPD$b40$c20150918$lBLL01$h1639
=CAT  \\$aBATCH-UPD$b40$c20160519$lBLL01$h1440
=CAT  \\$aW1711-1005$c20171206$lBLL01$h1817
=CAT  \\$aBATCH-UPD$b00$c20180219$lBLL01$h1747
=CAT  \\$aBATCH-UPD$b00$c20181121$lBLL01$h1622
=CAT  \\$aIPL-CLA$c20181231$lBLL01$h1543
=CAT  \\$aR1911-0245$c20191127$lBLL01$h0823
=CAT  \\$aR1911-0245$c20191127$lBLL01$h1045
=CAT  \\$aIPL-CLA$c20191231$lBLL01$h1936
=CAT  \\$aW2111-0842$c20211208$lBLL01$h1942
=CAT  \\$aIPL-CLA$c20211231$lBLL01$h1543
=CFI  0\$aCurrent copyright fee: GBP39.00$c35\0$e01-jan-2022$fGBP39.00$g0$hP$5Uk
=CFI  2\$aPrevious Copyright Fee: GBP32.00$c35\0$e01-jan-2020$fGBP32.00$g0$hP$5Uk
=EST  \\$a1
=FFP  \\$aY$bBLDSS-3PM
=FIN  \\$aY$d20051124
=MNI  \\$a0899-8418
=SID  \\$aZ39$bOCLC
=TCO  \\$aCLA$bCLA$c008
=TOC  \\$aETOC
=UNO  \\$aY
=ACF  \\$aPrevious Copyright Fee: GBP17.00$c35\0$e01-apr-2005$fGBP17.00$g0$hP$5Uk
=ACF  \\$aPrevious copyright fee: GBP22.00$c35\0$e01-jan-2011$fGBP22.00$g0$hP$5Uk
=ACF  \\$aPrevious copyright fee: GBP24.00$c35\0$e01-mar-2015$fGBP24.00$g0$hP$5Uk
=ACF  \\$aPrevious copyright fee: GBP28.00$c35\0$e01-jan-2019$fGBP28.00$g0$hP$5Uk
=LAS  \\$aIPL-CLA$b00$c20211231$lBLL01$h1543

