=LDR  04568cas a2201093 a 4500
=001  013344808
=003  Uk
=005  20211231154319.0
=006  m\\\\\\\\d\\\\\\\\
=007  cr\u||||||||||
=008  000427c19949999nyumx1pso\\\\\0\\\a0eng\d
=FMT  \\$a  SE
=010  \\$a2001212320
=015  \\$aGBB350507$2bnb
=022  0\$a1099-1131$y1074-5351
=037  \\$aISSN_10745351$bPortico$nWiley
=040  \\$aIWA$cIWA$dNSD$dTJC$dOCLCQ$dWAU$dOCLCQ$dUk
=042  \\$ansdp$aukblsr
=050  14$aTK5101.A1
=082  04$a621.382$222
=130  0\$aInternational journal of communication systems (Online)
=210  0\$aInt. j. commun. syst.$b(Online)
=222  \0$aInternational journal of communication systems$b(Online)
=245  10$aInternational journal of communication systems$h[electronic resource].
=246  30$aCommunication systems
=260  \\$aNew York, N.Y. :$bWiley
=310  \\$aTen no. a year,$b2001-
=321  \\$aBimonthly,$b<1996>-1999
=321  \\$a8 no. a year,$b2000
=336  \\$atext$2rdacontent
=337  \\$acomputer$2rdamedia
=338  \\$aonline resource$2rdacarrier
=362  1\$aPrint began with vol. 7, no. 1 (Jan.-Mar. 1994).
=500  \\$aSome thematic issues called special issue.
=500  \\$aDescription based on: Vol. 10, issue 1 (Jan. 1997); title from contents page (viewed Apr. 27, 2000).
=500  \\$aLatest issue consulted: Vol. 15, issue 10 (Dec. 2002).
=515  \\$aSome issues combined.
=520  \\$aProvides a forum for research and development in the area of communication technology.
=530  \\$aAlso issued in print.
=538  \\$aMode of access: World Wide Web.
=550  \\$aIssued by: Wiley InterScience (Online service).
=595  \\$aSEE ALSO 4542.1854 FOR OTHER CUL HOLDINGS.
=540  \\$aCurrent copyright fee: GBP39.00$c35\0$5Uk
=650  \0$aTelecommunication systems$vPeriodicals.
=710  2\$aWiley InterScience (Online service)
=776  1\$tInternational journal of communication systems$x1074-5351
=859  \\$aELD$bejournal
=856  \\$31850-9999$uhttp://onlinelibrary.wiley.com/$xBLDSS
=852  41$aBritish Library$bSTI$jELD Digital store$3Volume 26:Number 1(2013:Jan.)-***Previous issues available in print copy
=852  41$aBritish Library$bDSC$j4542.172515$3Volume 19:Issue 1(2006)-Volume 24:Issue 12(2011)***See ESTAR for full holdings.
=945  \\$aINTERNATIONAL JOURNAL OF COMMUNICATION SYSTEMS
=959  \\$fHeld but not currently received
=CAT  \\$a3072$b40$c20051124$lBLL01$h0941
=CAT  \\$a3072$b40$c20051124$lBLL01$h0952
=CAT  \\$aBATCH-UPD$b40$c20060901$lBLL01$h0959
=CAT  \\$aBATCH-UPD$b40$c20060901$lBLL01$h1030
=CAT  \\$aBATCH-UPD$b40$c20101116$lBLL01$h1334
=CAT  \\$aIPL-CLA$c20101231$lBLL01$h1517
=CAT  \\$aCDS12-UPD$b40$c20120402$lBLL01$h1434
=CAT  \\$aWR12_168$c20121206$lBLL01$h1836
=CAT  \\$a8456$b40$c20130522$lBLL01$h1401
=CAT  \\$aBATCH-CLA$b00$c20130526$lBLL01$h1642
=CAT  \\$aWR13.114$c20130717$lBLL01$h1313
=CAT  \\$aBATCH-PORT$c20130829$lBLL01$h1113
=CAT  \\$aWR14_009$c20140204$lBLL01$h2343
=CAT  \\$aBLDSS-3PM$b00$c20141214$lBLL01$h1523
=CAT  \\$aBATCH-UPD$b00$c20150215$lBLL01$h1656
=CAT  \\$aIPL-CLA$c20150228$lBLL01$h2049
=CAT  \\$aBATCH-UPD$b00$c20160526$lBLL01$h1527
=CAT  \\$aW1711-1005$c20171206$lBLL01$h1817
=CAT  \\$aBATCH-UPD$b00$c20180219$lBLL01$h1747
=CAT  \\$aBATCH-UPD$b00$c20181121$lBLL01$h1622
=CAT  \\$aIPL-CLA$c20181231$lBLL01$h1543
=CAT  \\$aR1911-0245$c20191127$lBLL01$h0823
=CAT  \\$aR1911-0245$c20191127$lBLL01$h1045
=CAT  \\$aIPL-CLA$c20191231$lBLL01$h1936
=CAT  \\$aW2111-0842$c20211208$lBLL01$h1942
=CAT  \\$aIPL-CLA$c20211231$lBLL01$h1543
=CFI  0\$aCurrent copyright fee: GBP39.00$c35\0$e01-jan-2022$fGBP39.00$g0$hP$5Uk
=CFI  2\$aPrevious Copyright Fee: GBP32.00$c35\0$e01-jan-2020$fGBP32.00$g0$hP$5Uk
=EST  \\$a1
=FFP  \\$aY$bBLDSS-3PM
=FIN  \\$aY$d20051124
=MNI  \\$a1074-5351
=SID  \\$aZ39$bOCLC
=TCO  \\$aTRS$bCCC$c008
=TCO  \\$aCLA$bCLA$c008
=TOC  \\$aETOC
=UNO  \\$aY
=ACF  \\$aPrevious Copyright Fee: GBP17.00$c35\0$e01-apr-2005$fGBP17.00$g0$hP$5Uk
=ACF  \\$aPrevious copyright fee: GBP22.00$c35\0$e01-jan-2011$fGBP22.00$g0$hP$5Uk
=ACF  \\$aPrevious copyright fee: GBP24.00$c35\0$e01-mar-2015$fGBP24.00$g0$hP$5Uk
=ACF  \\$aPrevious copyright fee: GBP28.00$c35\0$e01-jan-2019$fGBP28.00$g0$hP$5Uk
=LAS  \\$aIPL-CLA$b00$c20211231$lBLL01$h1543

