=LDR  04025cas a2200997 a 4500
=001  013344857
=003  Uk
=005  20191231193640.0
=006  m\\\\\o\\b\\\\\\\\
=007  cr\cnu||||||||
=008  000204c19969999enkqr1pso\o\\\0\\\a0eng\d
=FMT  \\$a  SE
=010  \\$a2001212318$z2002242114
=015  \\$aGBA600010$2bnb
=022  0\$a1099-1158$l1076-9307$y1076-9307$21
=037  \\$aISSN_10769307$bPortico$nWiley
=040  \\$aMUS$cMUS$dNSD$dOCLCQ$dFUG$dEYM$dOCLCQ$dOCL$dOCLCQ$dUk
=042  \\$ansdp$aukblsr
=050  \4$aHG3879$b.I569
=082  04$a332$222
=130  0\$aInternational journal of finance and economics (Online)
=210  0\$aInt. j. financ. econ.$b(Online)
=222  \0$aInternational journal of finance & economics$b(Online)
=245  10$aInternational journal of finance & economics$h[electronic resource] :$bIJFE.
=246  3\$aInternational journal of finance and economics
=246  30$aIJFE
=260  \\$aChichester, Sussex, England :$bJohn Wiley & Sons,$cc1996-
=310  \\$aQuarterly
=336  \\$atext$2rdacontent
=337  \\$acomputer$2rdamedia
=338  \\$aonline resource$2rdacarrier
=362  0\$aVol. 1, no. 1 (Jan. 1996)-
=500  \\$aTitle from title screen.
=530  \\$aAlso issued in print.
=538  \\$aMode of access: World Wide Web.
=540  \\$aCurrent Copyright Fee: GBP32.00$c35\0$5Uk
=650  \0$aInternational finance$vPeriodicals.
=650  \0$aEconomics$vPeriodicals.
=690  7\$aManagement and Business Studies$2blcoll
=776  1\$tInternational journal of finance & economics$x1076-9307
=859  \\$aELD$bejournal
=856  \\$31850-9999$uhttp://onlinelibrary.wiley.com/$xBLDSS
=852  41$aBritish Library$bDSC$j4542.251200$3Volume 11:Issue 1(2006)-Volume 16:Issue 4(2011)***See ESTAR for full holdings.
=852  41$aBritish Library$bHMNTS$jELD Digital store$3Volume 18:Number 1(2013:Jan.)-***Previous issues available in print copy
=945  \\$aInternational journal of finance and economics
=959  \\$fHeld but not currently received
=CAT  \\$a3072$b40$c20051124$lBLL01$h1017
=CAT  \\$aBATCH-UPD$b40$c20060901$lBLL01$h0959
=CAT  \\$aBATCH-UPD$b40$c20060901$lBLL01$h1030
=CAT  \\$a8464$b40$c20081201$lBLL01$h0825
=CAT  \\$a8464$b40$c20081201$lBLL01$h0826
=CAT  \\$aBATCH$b00$c20090624$lBLL01$h1707
=CAT  \\$aBATCH-UPD$b00$c20101116$lBLL01$h1334
=CAT  \\$aIPL-CLA$c20101231$lBLL01$h1517
=CAT  \\$aCDS12-UPD$b40$c20120402$lBLL01$h1434
=CAT  \\$aWR12_168$c20121206$lBLL01$h1816
=CAT  \\$a8874$b40$c20130522$lBLL01$h1056
=CAT  \\$aWR13.114$c20130717$lBLL01$h1313
=CAT  \\$aBATCH-PORT$c20130829$lBLL01$h1113
=CAT  \\$aWR14_009$c20140204$lBLL01$h2344
=CAT  \\$aWR14_140$c20140905$lBLL01$h1810
=CAT  \\$aBLDSS-3PM$b00$c20141214$lBLL01$h1523
=CAT  \\$aBATCH-UPD$b00$c20150215$lBLL01$h1656
=CAT  \\$aIPL-CLA$c20150228$lBLL01$h2049
=CAT  \\$aBATCH-UPD$b00$c20160519$lBLL01$h1425
=CAT  \\$aW1711-1005$c20171206$lBLL01$h1817
=CAT  \\$aBATCH-UPD$b00$c20180219$lBLL01$h1747
=CAT  \\$aBATCH-UPD$b00$c20181121$lBLL01$h1622
=CAT  \\$aIPL-CLA$c20181231$lBLL01$h1543
=CAT  \\$aR1911-0245$c20191127$lBLL01$h0823
=CAT  \\$aR1911-0245$c20191127$lBLL01$h1045
=CAT  \\$aIPL-CLA$c20191231$lBLL01$h1936
=CFI  0\$aCurrent Copyright Fee: GBP32.00$c35\0$e01-jan-2020$fGBP32.00$g0$hP$5Uk
=CFI  2\$aPrevious copyright fee: GBP28.00$c35\0$e01-jan-2019$fGBP28.00$g0$hP$5Uk
=EST  \\$a1
=FFP  \\$aY$bBLDSS-3PM
=FIN  \\$aY$d20051124
=MNI  \\$a1076-9307
=SID  \\$aZ39$bOCLC
=TCO  \\$aCLA$bCLA$c008
=TOC  \\$aETOC
=UNO  \\$aY
=ACF  \\$aPrevious Copyright Fee: GBP17.00$c35\0$e01-apr-2005$fGBP17.00$g0$hP$5Uk
=ACF  \\$aPrevious copyright fee: GBP22.00$c35\0$e01-jan-2011$fGBP22.00$g0$hP$5Uk
=ACF  \\$aPrevious copyright fee: GBP24.00$c35\0$e01-mar-2015$fGBP24.00$g0$hP$5Uk
=LAS  \\$aIPL-CLA$b00$c20191231$lBLL01$h1936

