=LDR  04359cas a2201057 a 4500
=001  013344865
=003  Uk
=005  20230304144625.0
=006  m\\\\\\\\d\\\\\\\\
=007  cr\|||||||||||
=008  010109c19949999gw\mr\pss\\\\\0\\\a0eng\d
=FMT  \\$a  SE
=015  \\$aGBB434913$2bnb
=022  \\$a1521-3900$y1022-1360
=037  \\$aISSN_10221360$bPortico$nWiley
=040  \\$aYRM$cYRM$dTJC$dOCLCQ$dLVB$dOCLCQ$dIUL$dUk
=042  \\$aukblsr
=050  \4$aQd380$b.M328
=082  04$a547.705$223
=130  0\$aMacromolecular symposia (Online)
=222  \0$aMacromolecular symposia$b(Internet)
=245  10$aMacromolecular symposia$h[electronic resource].
=264  31$aWeinheim, Germany :$bWILEY-VCH Verlag GmbH & Co. KGaA
=310  \\$aMonthly
=336  \\$atext$2rdacontent
=337  \\$acomputer$2rdamedia
=338  \\$aonline resource$2rdacarrier
=362  1\$aPrint began with: Vol. 77 in 1994.
=500  \\$aDescription based on: Vol. 149 (Jan. 2000); title from journal home page (viewed Jan. 09, 2001).
=500  \\$aLatest issue consulted: volume 334, issue 1 (December 2013) (Wiley Online Library, viewed March 31, 2014).
=538  \\$aMode of access: World Wide Web.
=580  \\$aIncludes issues of earlier title: Makromolekulare Chemie. Macromolecular symposia.
=540  \\$aCurrent Copyright Fee: GBP39.00$c35\0$5Uk
=650  \0$aMacromolecules$vCongresses.
=650  \0$aPolymers$vCongresses.
=650  \0$aPolymerization$vCongresses.
=650  \0$aMacromolecules$vPeriodicals.
=650  \0$aPolymers$vPeriodicals.
=650  \0$aPolymerization$vPeriodicals.
=710  2\$aWiley InterScience (Online service)
=776  08$iAlso issued in print as:$tMacromolecular symposia$x1022-1360
=780  10$tMakromolekulare Chemie. Macromolecular symposia
=859  \\$aELD$bejournal
=856  \\$31850-9999$uhttp://onlinelibrary.wiley.com/$xBLDSS
=852  41$aBritish Library$bHMNTS$jELD Digital store$3Volume 323:Issue 1(2013)-***Previous issues available in print copy
=852  41$aBritish Library$bDSC$j5330.416400$32006:Volume 233-Volume 346:Issue 1(2014)***See ESTAR for full holdings.
=945  \\$aMACROMOLECULAR SYMPOSIA
=959  \\$fHeld but not currently received
=979  \\$aBritish Library$bDSC$j5330.416400
=985  \\$aCONFERENCE ANALYTIC RECORDS EXIST
=CAT  \\$a7332$b40$c20051124$lBLL01$h1023
=CAT  \\$aBATCH-UPD$b40$c20060901$lBLL01$h0959
=CAT  \\$aBATCH-UPD$b40$c20060901$lBLL01$h1030
=CAT  \\$aBATCH-UPD$b40$c20101116$lBLL01$h1334
=CAT  \\$aIPL-CLA$c20101231$lBLL01$h1517
=CAT  \\$a13041$b40$c20120427$lBLL01$h1635
=CAT  \\$aWR12_168$c20121206$lBLL01$h1816
=CAT  \\$aWR13.005$c20130323$lBLL01$h1329
=CAT  \\$a5997$b40$c20140331$lBLL01$h1426
=CAT  \\$a11433$b40$c20140410$lBLL01$h1114
=CAT  \\$aBLDSS-3PM$b00$c20141214$lBLL01$h1523
=CAT  \\$aBATCH-UPD$b00$c20150215$lBLL01$h1656
=CAT  \\$aIPL-CLA$c20150228$lBLL01$h2049
=CAT  \\$aCDS15-UPD$b40$c20150918$lBLL01$h1639
=CAT  \\$aBATCH-UPD$b40$c20160519$lBLL01$h1514
=CAT  \\$aW1711-1005$c20171206$lBLL01$h1817
=CAT  \\$aBATCH-UPD$b00$c20180219$lBLL01$h1747
=CAT  \\$aBATCH-UPD$b00$c20181121$lBLL01$h1622
=CAT  \\$aIPL-CLA$c20181231$lBLL01$h1543
=CAT  \\$aR1911-0245$c20191127$lBLL01$h0944
=CAT  \\$aR1911-0245$c20191127$lBLL01$h1045
=CAT  \\$a5410$b40$c20191206$lBLL01$h0933
=CAT  \\$aIPL-CLA$c20191231$lBLL01$h1936
=CAT  \\$a5410$b40$c20221017$lBLL01$h1328
=CAT  \\$a12654$b40$c20230223$lBLL01$h1441
=CAT  \\$a5410$b40$c20230304$lBLL01$h1446
=CFI  0\$aCurrent Copyright Fee: GBP39.00$c35\0$e01-jan-2020$fGBP39.00$g0$hP$5Uk
=CFI  2\$aPrevious copyright fee: GBP28.00$c35\0$e01-jan-2019$fGBP28.00$g0$hP$5Uk
=EST  \\$a1
=FFP  \\$aY$bBLDSS-3PM
=FIN  \\$aY$d20051124
=LET  \0$aMacromolecular symposia (Electronic)
=MNI  \\$a1022-1360
=SID  \\$aZ39$bOCLC
=TCO  \\$aDEU$bVG WORT$c008
=TOC  \\$aETOC
=UNO  \\$aY
=ACF  \\$aPrevious Copyright Fee: GBP17.00$c35\0$e01-apr-2005$fGBP17.00$g0$hP$5Uk
=ACF  \\$aPrevious copyright fee: GBP22.00$c35\0$e01-jan-2011$fGBP22.00$g0$hP$5Uk
=ACF  \\$aPrevious copyright fee: GBP24.00$c35\0$e01-mar-2015$fGBP24.00$g0$hP$5Uk
=LAS  \\$a5410$b40$c20230304$lBLL01$h1446

