=LDR  04005cas a2200997 a 4500
=001  013344926
=003  Uk
=005  20211231154319.0
=006  m\\\\\\\\d\\\\\\\\
=007  cr\cnu\\\\\\\\
=008  030516c20049999enkbx1pss\\\\\0\\\a0eng\c
=FMT  \\$a  SE
=010  \\$a2003212284
=015  \\$aGBA600005$2bnb
=022  0\$a1544-8452$y1544-8444
=037  \\$aISSN_15448444$bPortico$nWiley
=040  \\$aNSD$cNSD$dOCLCQ$dCGU$dDLC$dOCL$dNSD$dUk
=042  \\$ansdp$aukblsr
=050  10$aISSN RECORD
=082  00$a304.6$222
=130  0\$aPopulation space and place (Online)
=222  \0$aPopulation space and place$b(Online)
=245  10$aPopulation space and place$h[electronic resource].
=260  \\$aChichester, U.K. :$bJohn Wiley & Sons
=310  \\$aSix no. a year
=336  \\$atext$2rdacontent
=337  \\$acomputer$2rdamedia
=338  \\$aonline resource$2rdacarrier
=362  0\$aVol. 10, issue 1 (Jan./Feb. 2004)-
=500  \\$aTitle from table of contents page (publisher's website, viewed Aug. 5, 2004).
=530  \\$aAlso issued in print.
=538  \\$aMode of access: World Wide Web.
=540  \\$aCurrent copyright fee: GBP46.00$c35\0$5Uk
=650  \0$aPopulation geography$vPeriodicals.
=650  \0$aPopulation$vPeriodicals.
=690  7\$aSocial Welfare$2blcoll
=776  1\$tPopulation, space, and place$x1544-8444
=780  00$tInternational journal of population geography (Online)$x1099-1220
=859  \\$aELD$bejournal
=856  \\$31850-9999$uhttp://onlinelibrary.wiley.com/$xBLDSS
=852  41$aBritish Library$bHMNTS$jELD Digital store$3Volume 19:Issue 1(2013:Jan./Feb.)-***Previous issues available in print copy
=852  41$aBritish Library$bDSC$j6552.830000$3Volume 12:Issue 1(2006)-Volume 17:Issue 6(2011)***See ESTAR for full holdings.
=945  \\$aPOPULATION SPACE AND PLACE.
=959  \\$fHeld but not currently received
=979  \\$aBritish Library$bDSC$j6552.830000
=CAT  \\$a7332$b40$c20051124$lBLL01$h1054
=CAT  \\$aBATCH-UPD$b40$c20060901$lBLL01$h1030
=CAT  \\$aBATCH-UPD$b40$c20101116$lBLL01$h1334
=CAT  \\$aIPL-CLA$c20101231$lBLL01$h1517
=CAT  \\$aBATCH$b00$c20110625$lBLL01$h0517
=CAT  \\$aBATCH-SWP4$c20110627$lBLL01$h1559
=CAT  \\$aCDS12-UPD$b40$c20120402$lBLL01$h1434
=CAT  \\$aWR13.005$c20130323$lBLL01$h1329
=CAT  \\$aWR13.114$c20130717$lBLL01$h1313
=CAT  \\$aBATCH-PORT$c20130829$lBLL01$h1114
=CAT  \\$aWR14_009$c20140204$lBLL01$h2343
=CAT  \\$aWR14_140$c20140905$lBLL01$h1810
=CAT  \\$aBLDSS-3PM$b00$c20141214$lBLL01$h1523
=CAT  \\$aBATCH-UPD$b00$c20150215$lBLL01$h1656
=CAT  \\$aIPL-CLA$c20150228$lBLL01$h2049
=CAT  \\$aBATCH-UPD$b00$c20160519$lBLL01$h1751
=CAT  \\$aW1711-1005$c20171206$lBLL01$h1817
=CAT  \\$aBATCH-UPD$b00$c20180219$lBLL01$h1747
=CAT  \\$aBATCH-UPD$b00$c20181121$lBLL01$h1622
=CAT  \\$aIPL-CLA$c20181231$lBLL01$h1543
=CAT  \\$aR1911-0245$c20191127$lBLL01$h0944
=CAT  \\$aR1911-0245$c20191127$lBLL01$h1045
=CAT  \\$aIPL-CLA$c20191231$lBLL01$h1936
=CAT  \\$a5410$b40$c20200811$lBLL01$h1155
=CAT  \\$aW2111-0842$c20211209$lBLL01$h1035
=CAT  \\$aIPL-CLA$c20211231$lBLL01$h1543
=CFI  0\$aCurrent copyright fee: GBP46.00$c35\0$e01-jan-2022$fGBP46.00$g0$hP$5Uk
=CFI  2\$aPrevious Copyright Fee: GBP39.00$c35\0$e01-jan-2020$fGBP39.00$g0$hP$5Uk
=EST  \\$a1
=FFP  \\$aY$bBLDSS-3PM
=FIN  \\$aY$d20051124
=MNI  \\$a1544-8444
=SID  \\$aZ39$bOCLC
=TCO  \\$aCLA$bCLA$c008
=TOC  \\$aETOC
=UNO  \\$aY
=ACF  \\$aPrevious Copyright Fee: GBP17.00$c35\0$e01-apr-2005$fGBP17.00$g0$hP$5Uk
=ACF  \\$aPrevious copyright fee: GBP22.00$c35\0$e01-jan-2011$fGBP22.00$g0$hP$5Uk
=ACF  \\$aPrevious copyright fee: GBP24.00$c35\0$e01-mar-2015$fGBP24.00$g0$hP$5Uk
=ACF  \\$aPrevious copyright fee: GBP28.00$c35\0$e01-jan-2019$fGBP28.00$g0$hP$5Uk
=LAS  \\$aIPL-CLA$b00$c20211231$lBLL01$h1543

