=LDR  04312cas a2201033 a 4500
=001  013344970
=003  Uk
=005  20230317135645.0
=006  m\\\\\o\\d\\\\\\\\
=007  cr\cn|||||||||
=008  991012c19869999nyumr1pso\\\\\0\\\a0eng\d
=FMT  \\$a  SE
=010  \\$a2001212317
=015  \\$aGBB350408$2bnb
=022  0\$a1099-1166$l0885-6230$y0885-6230
=037  \\$aISSN_08856230$bPortico$nWiley
=040  \\$aEXW$cEXW$dOCL$dNSD$dEYM$dOCLCQ$dWAU$dOCLCQ$dUk
=042  \\$ansdp$aukblsr
=050  14$aRC451.4.A5$bI56
=082  04$a618.97689$222
=130  0\$aInternational journal of geriatric psychiatry (Online)
=210  0\$aInt. j. geriatr. psychiatry$b(Online)
=222  \0$aInternational journal of geriatric psychiatry$b(Online)
=245  10$aInternational journal of geriatric psychiatry$h[electronic resource].
=246  30$aGeriatric psychiatry
=260  \\$a[New York, N.Y.] :$bJohn Wiley & Sons
=310  \\$aMonthly
=336  \\$atext$2rdacontent
=337  \\$acomputer$2rdamedia
=338  \\$aonline resource$2rdacarrier
=362  1\$aPrint began with vol. 1, no. 1 (July 1986).
=500  \\$aIncludes contents and abstracts from 1996.
=500  \\$aDescription based on: Vol. 12, issue 1 (Jan. 1997); title from title information screen (viewed Oct. 12, 1999).
=500  \\$aLatest issue consulted: Vol. 18, issue 2 (Feb. 2003).
=530  \\$aAlso issued in print.
=538  \\$aMode of access: World Wide Web.
=540  \\$aCurrent copyright fee: GBP46.00$c35\0$5Uk
=650  \0$aGeriatric psychiatry$vPeriodicals.
=650  \2$aGeriatric Psychiatry$vPeriodicals.
=710  2\$aWiley InterScience (Online service)
=776  1\$tInternational journal of geriatric psychiatry$x0885-6230
=859  \\$aELD$bejournal
=856  \\$31850-9999$uhttp://onlinelibrary.wiley.com/$xBLDSS
=852  41$aBritish Library$bHMNTS$jELD Digital store$3Volume 28:Number 1(2013:Jan.)-***Previous issues available in print copy
=852  41$aBritish Library$bDSC$j4542.266600$3Volume 21:Issue 1(2006)-Volume 33:Issue 4(2018)***See ESTAR for full holdings.
=945  \\$aINTERNATIONAL JOURNAL OF GERIATRIC PSYCHIATRY
=959  \\$fHeld but not currently received
=979  \\$aBritish Library$bDSC$j4542.266600
=CAT  \\$a3072$b40$c20051124$lBLL01$h1114
=CAT  \\$a3072$b40$c20051124$lBLL01$h1117
=CAT  \\$aBATCH-UPD$b40$c20060901$lBLL01$h0959
=CAT  \\$aBATCH-UPD$b40$c20060901$lBLL01$h1030
=CAT  \\$aBATCH-UPD$b40$c20101116$lBLL01$h1334
=CAT  \\$aIPL-CLA$c20101231$lBLL01$h1517
=CAT  \\$aWR12_168$c20121206$lBLL01$h1816
=CAT  \\$a8874$b40$c20130522$lBLL01$h1005
=CAT  \\$aWR13.114$c20130717$lBLL01$h1313
=CAT  \\$aBATCH-PORT$c20130829$lBLL01$h1113
=CAT  \\$aWR14_009$c20140204$lBLL01$h2343
=CAT  \\$aBLDSS-3PM$b00$c20141214$lBLL01$h1523
=CAT  \\$aBATCH-UPD$b00$c20150215$lBLL01$h1656
=CAT  \\$aIPL-CLA$c20150228$lBLL01$h2049
=CAT  \\$aBATCH-UPD$b00$c20160518$lBLL01$h1951
=CAT  \\$aW1711-1005$c20171206$lBLL01$h1817
=CAT  \\$aBATCH-UPD$b00$c20180219$lBLL01$h1747
=CAT  \\$aW1805-0471$c20180520$lBLL01$h1139
=CAT  \\$aBATCH-UPD$b00$c20181121$lBLL01$h1622
=CAT  \\$aIPL-CLA$c20181231$lBLL01$h1543
=CAT  \\$aR1911-0245$c20191127$lBLL01$h0944
=CAT  \\$aR1911-0245$c20191127$lBLL01$h1045
=CAT  \\$aIPL-CLA$c20191231$lBLL01$h1936
=CAT  \\$aW2111-0842$c20211209$lBLL01$h1035
=CAT  \\$aIPL-CLA$c20211231$lBLL01$h1543
=CAT  \\$a5410$b40$c20230317$lBLL01$h1356
=CFI  0\$aCurrent copyright fee: GBP46.00$c35\0$e01-jan-2022$fGBP46.00$g0$hP$5Uk
=CFI  2\$aPrevious Copyright Fee: GBP39.00$c35\0$e01-jan-2020$fGBP39.00$g0$hP$5Uk
=EST  \\$a1
=FFP  \\$aY$bBLDSS-3PM
=FIN  \\$aY$d20051124
=MNI  \\$a0885-6230
=SID  \\$aZ39$bOCLC
=TCO  \\$aTRS$bCCC$c008
=TOC  \\$aETOC
=UNO  \\$aY
=ACF  \\$aPrevious Copyright Fee: GBP17.00$c35\0$e01-apr-2005$fGBP17.00$g0$hP$5Uk
=ACF  \\$aPrevious copyright fee: GBP22.00$c35\0$e01-jan-2011$fGBP22.00$g0$hP$5Uk
=ACF  \\$aPrevious copyright fee: GBP24.00$c35\0$e01-mar-2015$fGBP24.00$g0$hP$5Uk
=ACF  \\$aPrevious copyright fee: GBP28.00$c35\0$e01-jan-2019$fGBP28.00$g0$hP$5Uk
=LAS  \\$a5410$b40$c20230317$lBLL01$h1356

