=LDR  04492cas a2201081 a 4500
=001  013344976
=003  Uk
=005  20231013144728.0
=006  m\\\\\\\\d\\\\\\\\
=007  cr\cnu\\\\\\\\
=008  980330c19749999nyubr\pss\\\\\0\\\a0eng\d
=FMT  \\$a  SE
=010  \\$asn 98007935
=015  \\$aGBB427915$2bnb
=022  0\$a1098-2337$y0096-140X
=037  \\$aISSN_0096140X$bPortico$nWiley
=040  \\$aNSD$cNSD$dTJC$dOCLCQ$dMYG$dOCLCQ$dMUQ$dOCLCQ$dOCL$dUk
=042  \\$ansdp$aukblsr
=082  04$a152.232$222
=130  0\$aAggressive behavior (Online)
=210  0\$aAggress. behav.$b(Online)
=222  \0$aAggressive behavior$b(Online)
=245  10$aAggressive behavior$h[electronic resource].
=260  \\$a[New York, N.Y.] :$bWiley-Liss, Inc.,$c1974
=264  31$3<2011>-$a[New York, N.Y.] :$bWiley-Blackwell
=310  \\$aBimonthly
=336  \\$atext$2rdacontent
=337  \\$acomputer$2rdamedia
=338  \\$aonline resource$2rdacarrier
=362  1\$aPrint began in 1974.
=500  \\$aDescription based on: Vol. 23, issue 1 (1997); title from contents screen (viewed Mar. 3, 1998).
=500  \\$aLatest issue consulted: volume 40, issue 2 (March/Aoril 2014) (Wiley Online Library, viewed March 11, 2014).
=525  \\$aIncludes special issues.
=530  \\$aAlso issued in print.
=550  \\$aOfficial journal of the International Society for Research on Aggression.
=540  \\$aCurrent copyright fee: GBP39.00$c35\0$5Uk
=650  \0$aAggressiveness$vPeriodicals.
=650  \0$aViolence$vPeriodicals.
=650  \0$aPsychology, Experimental$vPeriodicals.
=650  \6$aAgressivité$xPériodiques.
=650  \6$aAgressivité chez les animaux$xPeriodiques.
=710  2\$aInternational Society for Research on Aggression.
=776  1\$tAggressive behavior$x0096-140X
=859  \\$aELD$bejournal
=856  \\$31850-9999$uhttp://onlinelibrary.wiley.com/$xBLDSS
=852  41$aBritish Library$bDSC$j0736.285000$3Volume 32:Issue 1(2006)-Volume 40:Issue 6(2014)***See ESTAR for full holdings.
=852  41$aBritish Library$bSTI$jELD Digital store$3Volume 39:Issue 1(2013)-***Previous issues available in print copy
=945  \\$aAggressive behavior
=959  \\$fHeld but not currently received
=979  \\$aBritish Library$bDSC$j0736.285000
=CAT  \\$a8141$b40$c20051124$lBLL01$h1116
=CAT  \\$a8464$b40$c20051213$lBLL01$h0921
=CAT  \\$aBATCH-UPD$b40$c20060901$lBLL01$h0959
=CAT  \\$aBATCH-UPD$b40$c20060901$lBLL01$h1030
=CAT  \\$aBATCH-UPD$b40$c20101116$lBLL01$h1334
=CAT  \\$aIPL-CLA$c20101231$lBLL01$h1517
=CAT  \\$aWR12_168$c20121206$lBLL01$h1816
=CAT  \\$a8124$b40$c20140311$lBLL01$h0947
=CAT  \\$a10983$b40$c20140325$lBLL01$h1321
=CAT  \\$aBLDSS-3PM$b00$c20141214$lBLL01$h1523
=CAT  \\$aBATCH-UPD$b00$c20150215$lBLL01$h1656
=CAT  \\$aIPL-CLA$c20150228$lBLL01$h2049
=CAT  \\$aCDS15-UPD$b40$c20150918$lBLL01$h1639
=CAT  \\$aBATCH-UPD$b40$c20160526$lBLL01$h1103
=CAT  \\$aW1711-1005$c20171206$lBLL01$h1817
=CAT  \\$aBATCH-UPD$b00$c20180219$lBLL01$h1747
=CAT  \\$aBATCH-UPD$b00$c20181121$lBLL01$h1622
=CAT  \\$aIPL-CLA$c20181231$lBLL01$h1543
=CAT  \\$a5410$b40$c20190926$lBLL01$h1447
=CAT  \\$aR1911-0245$c20191127$lBLL01$h0823
=CAT  \\$aR1911-0245$c20191127$lBLL01$h1045
=CAT  \\$aIPL-CLA$c20191231$lBLL01$h1936
=CAT  \\$aW2111-0842$c20211208$lBLL01$h1942
=CAT  \\$aIPL-CLA$c20211231$lBLL01$h1543
=CAT  \\$a5410$b40$c20221016$lBLL01$h1123
=CAT  \\$a12654$b40$c20231013$lBLL01$h1447
=CFI  0\$aCurrent copyright fee: GBP39.00$c35\0$e01-jan-2022$fGBP39.00$g0$hP$5Uk
=CFI  1\$aPending copyright fee: GBP46.00$c35\0$e01-jan-2024$fGBP46.00$g0$hP$5Uk
=CFI  2\$aPrevious Copyright Fee: GBP32.00$c35\0$e01-jan-2020$fGBP32.00$g0$hP$5Uk
=EST  \\$a1
=FFP  \\$aY$bBLDSS-3PM
=FIN  \\$aY$d20051124
=LET  \0$aAggressive behavior (Online)
=MNI  \\$a0096-140X
=SID  \\$aZ39$bOCLC
=TCO  \\$aTRS$bCCC$c008
=TOC  \\$aETOC
=UNO  \\$aY
=ACF  \\$aPrevious Copyright Fee: GBP17.00$c35\0$e01-apr-2005$fGBP17.00$g0$hP$5Uk
=ACF  \\$aPrevious copyright fee: GBP22.00$c35\0$e01-jan-2011$fGBP22.00$g0$hP$5Uk
=ACF  \\$aPrevious copyright fee: GBP24.00$c35\0$e01-mar-2015$fGBP24.00$g0$hP$5Uk
=ACF  \\$aPrevious copyright fee: GBP28.00$c35\0$e01-jan-2019$fGBP28.00$g0$hP$5Uk
=LAS  \\$a12654$b40$c20231013$lBLL01$h1447

