=LDR  04131cas a2201033 a 4500
=001  013345072
=003  Uk
=005  20221017133057.0
=006  m\\\\\\\\d\\\\\\\\
=007  cr\unu\\\\\\\\
=008  000320c19559999maumr\pss\\\\\0\\\a0eng\d
=FMT  \\$a  SE
=010  \\$a2003214022
=015  \\$aGBB349505$2bnb
=022  0\$a1547-5905$y0001-1541
=037  \\$aISSN_00011541$bPortico$nWiley
=040  \\$aEXW$cEXW$dOCLCQ$dNSD$dMUQ$dOCLCQ$dOCL$dUk
=042  \\$ansdp$aukblsr
=050  10$aISSN RECORD
=082  04$a660.28$222
=130  0\$aAIChE journal (Online)
=210  0\$aAIChE j.$b(Online)
=222  \0$aAIChE journal$b(Online)
=245  10$aAIChE journal$h[electronic resource].
=246  3\$aAmerican Institute of Chemical Engineers journal
=260  \\$a[New York] :$bAmerican Institute of Chemical Engineers
=264  31$aMalden :$bJohn Wiley & Sons, Inc
=310  \\$aMonthly
=336  \\$atext$2rdacontent
=337  \\$acomputer$2rdamedia
=338  \\$aonline resource$2rdacarrier
=362  1\$aPrint began in 1955.
=500  \\$aDescription based on: Vol. 49, issue 11 (Nov. 2003); title from title information screen (viewed 11/20/2003).
=588  \\$aLatest issue consulted: volume 59, issue 5 (May 2013); (Wiley Online Library, viewed May 21, 2013).
=530  \\$aAlso issued in print.
=538  \\$aMode of access: World Wide Web.
=540  \\$aCurrent copyright fee: GBP46.00$c35\0$5Uk
=650  \0$aChemical engineering$vPeriodicals.
=650  \6$aGénie chimique$vPériodiques.
=710  2\$aAmerican Institute of Chemical Engineers.
=776  1\$tAIChE journal$x0001-1541
=859  \\$aELD$bejournal
=856  \\$31850-9999$uhttp://onlinelibrary.wiley.com/$xBLDSS
=852  41$aBritish Library$bHMNTS$jELD Digital store$3Volume 59:Issue 1(2013:Jan.)-
=852  41$aBritish Library$bDSC$j0773.071200$3Volume 12:Issue 5(1966)-Volume 60:Issue 12(2014)***See ESTAR for full holdings.
=945  \\$aAIChE journal
=959  \\$fHeld but not currently received
=979  \\$aBritish Library$bDSC$j0773.071200
=CAT  \\$a8141$b40$c20051124$lBLL01$h1136
=CAT  \\$a8464$b40$c20051213$lBLL01$h1037
=CAT  \\$aBATCH-UPD$b40$c20060901$lBLL01$h0959
=CAT  \\$aBATCH-UPD$b40$c20060901$lBLL01$h1030
=CAT  \\$aBATCH-UPD$b40$c20101116$lBLL01$h1334
=CAT  \\$aIPL-CLA$c20101231$lBLL01$h1517
=CAT  \\$a8124$b40$c20130521$lBLL01$h1301
=CAT  \\$aWR13.114$c20130717$lBLL01$h1313
=CAT  \\$aBATCH-PORT$c20130829$lBLL01$h1113
=CAT  \\$aWR14_009$c20140204$lBLL01$h2343
=CAT  \\$aBLDSS-3PM$b00$c20141214$lBLL01$h1523
=CAT  \\$aBATCH-UPD$b00$c20150215$lBLL01$h1656
=CAT  \\$aIPL-CLA$c20150228$lBLL01$h2049
=CAT  \\$aCDS15-UPD$b40$c20150918$lBLL01$h1639
=CAT  \\$aBATCH-UPD$b40$c20160526$lBLL01$h1258
=CAT  \\$aW1711-1005$c20171206$lBLL01$h1817
=CAT  \\$aBATCH-UPD$b00$c20180219$lBLL01$h1747
=CAT  \\$aBATCH-UPD$b00$c20181121$lBLL01$h1622
=CAT  \\$aIPL-CLA$c20181231$lBLL01$h1543
=CAT  \\$a5410$b40$c20190926$lBLL01$h1452
=CAT  \\$aR1911-0245$c20191127$lBLL01$h0945
=CAT  \\$aR1911-0245$c20191127$lBLL01$h1045
=CAT  \\$aIPL-CLA$c20191231$lBLL01$h1936
=CAT  \\$aW2111-0842$c20211209$lBLL01$h1035
=CAT  \\$aIPL-CLA$c20211231$lBLL01$h1543
=CAT  \\$a5410$b40$c20221017$lBLL01$h1330
=CFI  0\$aCurrent copyright fee: GBP46.00$c35\0$e01-jan-2022$fGBP46.00$g0$hP$5Uk
=CFI  2\$aPrevious Copyright Fee: GBP39.00$c35\0$e01-jan-2020$fGBP39.00$g0$hP$5Uk
=EST  \\$a1
=FFP  \\$aY$bBLDSS-3PM
=FIN  \\$aY$d20051124
=MNI  \\$a0001-1541
=SID  \\$aZ39$bOCLC
=TCO  \\$aTRS$bCCC$c008
=TOC  \\$aETOC
=UNO  \\$aY
=ACF  \\$aPrevious Copyright Fee: GBP17.00$c35\0$e01-apr-2005$fGBP17.00$g0$hP$5Uk
=ACF  \\$aPrevious copyright fee: GBP22.00$c35\0$e01-jan-2011$fGBP22.00$g0$hP$5Uk
=ACF  \\$aPrevious copyright fee: GBP24.00$c35\0$e01-mar-2015$fGBP24.00$g0$hP$5Uk
=ACF  \\$aPrevious copyright fee: GBP28.00$c35\0$e01-jan-2019$fGBP28.00$g0$hP$5Uk
=LAS  \\$a5410$b40$c20221017$lBLL01$h1330

