=LDR  04254cas a2201045 a 4500
=001  013345073
=003  Uk
=005  20191231193641.0
=006  m\\\\\o\\d\\\\\\\\
=007  cr\cnu||||||||
=008  010125c19929999nyubr1pso\\\\\0\\\a0eng\c
=FMT  \\$a  SE
=010  \\$a2003252226$z2001212284
=015  \\$aGBB348985$2bnb
=022  0\$a1099-1611$l1057-9249$y1057-9249$21
=037  \\$bJohn Wiley & Sons, Ltd., Baffins Lane, Chichester, W. Sussex, PO19 1UD, U.K.
=037  \\$aISSN_10579249$bPortico$nWiley
=040  \\$aNSD$cNSD$dTJC$dOCLCQ$dWAU$dOCLCQ$dDLC$dMUS$dUk
=042  \\$ansdp$aukblsr
=082  04$a616.9940019$222
=130  0\$aPsycho-oncology (Online)
=210  0\$aPsycho-oncology$b(Chichester, Engl., Online)
=222  \0$aPsycho-oncology$b(Chichester, England. Online)
=245  10$aPsycho-oncology$h[electronic resource].
=260  \\$aNew York, N.Y. :$bJohn Wiley & Sons
=310  \\$aBimonthly,$b1998-
=321  \\$aQuarterly,$b<1996>-1997
=336  \\$atext$2rdacontent
=337  \\$acomputer$2rdamedia
=338  \\$aonline resource$2rdacarrier
=362  1\$aPrint began with vol. 1, no. 1 (Apr. 1992).
=500  \\$aIncludes contents and abstracts for 1996.
=500  \\$aDescription based on: Vol. 6, issue 1 (Mar. 1997); title from table of contents (viewed Jan. 25, 2001).
=500  \\$aLatest issue consulted: Vol. 12, issue 1 (Jan./Feb. 2003).
=530  \\$aAlso issued in print.
=530  \\$aSystem requirements: Adobe Acrobat reader.
=538  \\$aMode of access: World Wide Web.
=540  \\$aCurrent Copyright Fee: GBP46.00$c35\0$5Uk
=650  \0$aCancer$xPsychological aspects$vPeriodicals.
=650  \0$aCancer$xSocial aspects$vPeriodicals.
=650  \2$aNeoplasms$xpsychology$vPeriodicals.
=710  2\$aWiley InterScience (Online service)
=776  1\$tPsycho-oncology$x1057-9249
=859  \\$aELD$bejournal
=856  \\$31850-9999$uhttp://onlinelibrary.wiley.com/$xBLDSS
=852  41$aBritish Library$bSTI$jELD Digital store$3Volume 22:Issue 1(2013)-***Previous issues available in print copy
=852  41$aBritish Library$bDSC$j6946.543200$3Volume 15:Issue 1(2006)-***See ESTAR for full holdings.
=945  \\$aPSYCHOONCOLOGY.
=959  \\$fCurrently received
=985  \\$aCONFERENCE ANALYTIC RECORDS EXIST
=CAT  \\$a7332$b40$c20051124$lBLL01$h1137
=CAT  \\$aBATCH-UPD$b40$c20060901$lBLL01$h0959
=CAT  \\$aBATCH-UPD$b40$c20060901$lBLL01$h1030
=CAT  \\$aBATCH-UPD$b40$c20101116$lBLL01$h1334
=CAT  \\$aIPL-CLA$c20101231$lBLL01$h1517
=CAT  \\$a6933$b40$c20110706$lBLL01$h1526
=CAT  \\$aWR12_168$c20121206$lBLL01$h1816
=CAT  \\$aWR13.005$c20130323$lBLL01$h1329
=CAT  \\$a8874$b40$c20130517$lBLL01$h1440
=CAT  \\$aBATCH-CLA$b00$c20130526$lBLL01$h1633
=CAT  \\$aWR13.114$c20130717$lBLL01$h1313
=CAT  \\$aBATCH-PORT$c20130829$lBLL01$h1114
=CAT  \\$aWR14_009$c20140204$lBLL01$h2342
=CAT  \\$aBLDSS-3PM$b00$c20141214$lBLL01$h1523
=CAT  \\$aBATCH-UPD$b00$c20150215$lBLL01$h1656
=CAT  \\$aIPL-CLA$c20150228$lBLL01$h2049
=CAT  \\$aBATCH-UPD$b00$c20160519$lBLL01$h1748
=CAT  \\$aW1711-1005$c20171206$lBLL01$h1817
=CAT  \\$aBATCH-UPD$b00$c20180219$lBLL01$h1747
=CAT  \\$aBATCH-UPD$b00$c20181121$lBLL01$h1622
=CAT  \\$aIPL-CLA$c20181231$lBLL01$h1543
=CAT  \\$aR1911-0245$c20191127$lBLL01$h1015
=CAT  \\$aR1911-0245$c20191127$lBLL01$h1031
=CAT  \\$aR1911-0245$c20191127$lBLL01$h1035
=CAT  \\$aIPL-CLA$c20191231$lBLL01$h1936
=CFI  0\$aCurrent Copyright Fee: GBP46.00$c35\0$e01-jan-2020$fGBP46.00$g0$hP$5Uk
=CFI  2\$aPrevious copyright fee: GBP28.00$c35\0$e01-jan-2019$fGBP28.00$g0$hP$5Uk
=EST  \\$a1
=FFP  \\$aY$bBLDSS-3PM
=FIN  \\$aY$d20051124
=MNI  \\$a1057-9249
=SID  \\$aZ39$bOCLC
=TCO  \\$aTRS$bCCC$c008
=TCO  \\$aCLA$bCLA$c008
=TOC  \\$aETOC
=UNO  \\$aY
=ACF  \\$aPrevious Copyright Fee: GBP17.00$c35\0$e01-apr-2005$fGBP17.00$g0$hP$5Uk
=ACF  \\$aPrevious copyright fee: GBP22.00$c35\0$e01-jan-2011$fGBP22.00$g0$hP$5Uk
=ACF  \\$aPrevious copyright fee: GBP24.00$c35\0$e01-mar-2015$fGBP24.00$g0$hP$5Uk
=LAS  \\$aIPL-CLA$b00$c20191231$lBLL01$h1936

