=LDR  04694cas a2201081 a 4500
=001  013345130
=003  Uk
=005  20211231154319.0
=006  m\\\\\\\\d\\\\\\\\
=007  cr\cnu\\\\\\\\
=008  030222c20039999njumr1pss\\\\\0\\\a0eng\d
=FMT  \\$a  SE
=010  \\$a2003255128
=022  0\$a1552-5015$y1552-5007$y1097-010X
=037  \\$bWiley, 111 River Street, Hoboken NJ 07030
=037  \\$aISSN_15525007$bPortico$nWiley
=040  \\$aUND$cUND$dZCU$dOCLCQ$dDLC$dOCLCQ$dNSD$dOCLCS$dOCLCQ$dUk
=042  \\$ansdp
=050  10$aISSN RECORD
=050  14$aQL1$b.J852
=082  10$a591$222
=130  0\$aJournal of experimental zoology.$nPart B,$pMolecular and developmental evolution (Online)
=210  0\$aJ. exp. zool., Part B Mol. dev. evol.$b(Online)
=222  \0$aJournal of experimental zoology. Part B, Molecular and developmental evolution$b(Online)
=245  10$aJournal of experimental zoology.$nPart B,$pMolecular and developmental evolution$h[electronic resource].
=246  30$aMolecular and developmental evolution
=246  13$aJEZ
=260  \\$aHoboken, N.J. :$bWiley-Liss,$c2003-
=310  \\$aMonthly
=336  \\$atext$2rdacontent
=337  \\$acomputer$2rdamedia
=338  \\$aonline resource$2rdacarrier
=362  0\$aVol. 295B, issue 1 (Feb. 15, 2003)-
=500  \\$aTitle from home page (publisher's Web site, viewed Feb. 8, 2003).
=500  \\$aLatest issue consulted: Vol. 302B, issue 4 (July 15, 2004) (publisher's Web site, viewed Sept. 13, 2004).
=515  \\$aSix vols. of one issue, 2003; one vol. of six issues, 2004-
=530  \\$aAlso issued in print.
=538  \\$aMode of access: World Wide Web.
=540  \\$aCurrent copyright fee: GBP39.00$c35\0$5Uk
=650  \0$aDevelopmental biology$vPeriodicals.
=650  \0$aEvolution (Biology)$vPeriodicals.
=650  \0$aMolecular evolution$vPeriodicals.
=650  \0$aZoology$vPeriodicals.
=650  12$aEvolution, Molecular$vPeriodicals.
=650  22$aDevelopmental Biology$vPeriodicals.
=650  22$aZoology$vPeriodicals.
=776  1\$tJournal of experimental zoology. Part B, Molecular and developmental evolution$x1552-5007
=780  01$tJournal of experimental zoology (Online)$x1097-010X
=859  \\$aELD$bejournal
=856  \\$31850-9999$uhttp://onlinelibrary.wiley.com/$xBLDSS
=852  41$aBritish Library$bHMNTS$jELD Digital store$3Volume 320:Issue 1(2013)-***Previous issues available in print copy
=852  \\$aBritish Library$bDSC$j4983.008000$3Volume 306:Issue 1(2006)-Volume 322:Issue 8(2014)***See ESTAR for full holdings.
=945  \\$aJOURNAL OF EXPERIMENTAL ZOOLOGY PART B MOLECULAR AND DEVELOPMENTAL EVOLUTION.
=959  \\$fHeld but not currently received
=CAT  \\$a11281$b40$c20051124$lBLL01$h1206
=CAT  \\$a11281$b40$c20051124$lBLL01$h1209
=CAT  \\$aBATCH-UPD$b40$c20060901$lBLL01$h0959
=CAT  \\$aBATCH-UPD$b40$c20060901$lBLL01$h1030
=CAT  \\$aBATCH-UPD$b40$c20101116$lBLL01$h1334
=CAT  \\$aIPL-CLA$c20101231$lBLL01$h1517
=CAT  \\$aCDS12-UPD$b40$c20120402$lBLL01$h1451
=CAT  \\$aWR13.005$c20130323$lBLL01$h1329
=CAT  \\$a12654$b40$c20130724$lBLL01$h1603
=CAT  \\$a10983$b40$c20140416$lBLL01$h1340
=CAT  \\$aBLDSS-3PM$b00$c20141214$lBLL01$h1523
=CAT  \\$aBATCH-UPD$b00$c20150215$lBLL01$h1656
=CAT  \\$aIPL-CLA$c20150228$lBLL01$h2049
=CAT  \\$aCDS15-UPD$b40$c20150918$lBLL01$h1639
=CAT  \\$aBATCH-UPD$b40$c20160522$lBLL01$h2347
=CAT  \\$aW1711-1005$c20171206$lBLL01$h1817
=CAT  \\$aBATCH-UPD$b00$c20180219$lBLL01$h1747
=CAT  \\$aBATCH-UPD$b00$c20181121$lBLL01$h1622
=CAT  \\$aIPL-CLA$c20181231$lBLL01$h1543
=CAT  \\$aR1911-0245$c20191127$lBLL01$h0823
=CAT  \\$aR1911-0245$c20191127$lBLL01$h1045
=CAT  \\$aIPL-CLA$c20191231$lBLL01$h1936
=CAT  \\$aW2111-0842$c20211208$lBLL01$h1942
=CAT  \\$aIPL-CLA$c20211231$lBLL01$h1543
=CFI  0\$aCurrent copyright fee: GBP39.00$c35\0$e01-jan-2022$fGBP39.00$g0$hP$5Uk
=CFI  2\$aPrevious Copyright Fee: GBP32.00$c35\0$e01-jan-2020$fGBP32.00$g0$hP$5Uk
=EST  \\$a1
=FFP  \\$aY$bBLDSS-3PM
=FIN  \\$aY$d20051124
=MNI  \\$a1552-5007
=SID  \\$aZ39$bOCLC
=TCO  \\$aTRS$bCCC$c008
=TOC  \\$aETOC
=UNO  \\$aY
=ACF  \\$aPrevious Copyright Fee: GBP17.00$c35\0$e01-apr-2005$fGBP17.00$g0$hP$5Uk
=ACF  \\$aPrevious copyright fee: GBP22.00$c35\0$e01-jan-2011$fGBP22.00$g0$hP$5Uk
=ACF  \\$aPrevious copyright fee: GBP24.00$c35\0$e01-mar-2015$fGBP24.00$g0$hP$5Uk
=ACF  \\$aPrevious copyright fee: GBP28.00$c35\0$e01-jan-2019$fGBP28.00$g0$hP$5Uk
=LAS  \\$aIPL-CLA$b00$c20211231$lBLL01$h1543

