=LDR  04472cas a2201057 a 4500
=001  013345188
=003  Uk
=005  20231016104150.0
=006  m\\\\\\\\d\\\\\\\\
=007  cr\cnu\\\\\\\\
=008  030618c20039999njusx1pss\\\\\0\\\a0eng\d
=FMT  \\$a  SE
=010  \\$a2004212589
=022  0\$a1552-4833$y1552-4825$y1096-8628
=037  \\$aISSN_15524825$bPortico$nWiley
=040  \\$aGAT$cGAT$dOCLCQ$dNSD$dUk
=042  \\$ansdp$aukblsr
=050  10$aISSN RECORD
=050  14$aRB155
=082  04$a616.14205$222
=130  0\$aAmerican journal of medical genetics.$nPart A (Online)
=210  0\$aAm. j. med. genet., Part A$b(Online)
=222  \0$aAmerican journal of medical genetics. Part A$b(Online)
=245  10$aAmerican journal of medical genetics.$nPart A$h[electronic resource].
=260  \\$aHoboken, N.J. :$bWiley-Liss,$c2003-
=310  \\$a28 issues per year
=336  \\$atext$2rdacontent
=337  \\$acomputer$2rdamedia
=338  \\$aonline resource$2rdacarrier
=362  0\$aVol. 116A, issue 1 (Jan. 1, 2003)-
=500  \\$aFounded by: John M. Opitz.
=500  \\$aTitle from table of contents screen (Wiley InterScience, viewed June 18, 2003).
=500  \\$aLatest issue consulted: Vol. 130A, issue 2 (Oct. 1, 2004) (Wiley InterScience, viewed Sept. 17, 2004).
=515  \\$aOdd numbered vols. complete in 3 issues; even numbered vols. complete in 4 issues.
=530  \\$aAlso issued in print.
=538  \\$aMode of access: World Wide Web.
=540  \\$aCurrent copyright fee: GBP46.00$c35\0$5Uk
=650  \0$aMedical genetics$vPeriodicals.
=700  1\$aOpitz, John M.
=776  1\$tAmerican journal of medical genetics. Part A$x1552-4825
=780  01$tAmerican journal of medical genetics (Online)$x1096-8628
=859  \\$aELD$bejournal
=856  \\$31850-9999$uhttp://onlinelibrary.wiley.com/$xBLDSS
=852  41$aBritish Library$bSTI$jELD Digital store$3Volume 161:Issue 1(2013:Jan.)-***Previous issues available in print copy
=852  41$aBritish Library$bDSC$j0827.920000$3Volume 140:Issue 1(2006)-Volume 176:Issue 3(2018)***See ESTAR for full holdings.
=945  \\$aAmerican journal of medical genetics. Part A.
=959  \\$fHeld but not currently received
=979  \\$aBritish Library$bDSC$j0827.920000
=985  \\$aCONFERENCE ANALYTIC RECORDS EXIST
=CAT  \\$a8141$b40$c20051124$lBLL01$h1252
=CAT  \\$a8141$b40$c20051124$lBLL01$h1259
=CAT  \\$a8464$b40$c20051213$lBLL01$h1348
=CAT  \\$aBATCH-UPD$b40$c20060901$lBLL01$h0959
=CAT  \\$aBATCH-UPD$b40$c20060901$lBLL01$h1030
=CAT  \\$aBATCH-UPD$b40$c20101116$lBLL01$h1334
=CAT  \\$aIPL-CLA$c20101231$lBLL01$h1517
=CAT  \\$a8342$b40$c20131202$lBLL01$h1207
=CAT  \\$a8411$b40$c20140331$lBLL01$h1445
=CAT  \\$aBLDSS-3PM$b00$c20141214$lBLL01$h1523
=CAT  \\$aBATCH-UPD$b00$c20150215$lBLL01$h1656
=CAT  \\$aIPL-CLA$c20150228$lBLL01$h2049
=CAT  \\$aBATCH-UPD$b00$c20160520$lBLL01$h0727
=CAT  \\$aW1711-1005$c20171206$lBLL01$h1817
=CAT  \\$aBATCH-UPD$b00$c20180219$lBLL01$h1747
=CAT  \\$aW1805-0471$c20180520$lBLL01$h1139
=CAT  \\$aBATCH-UPD$b00$c20181121$lBLL01$h1622
=CAT  \\$aIPL-CLA$c20181231$lBLL01$h1543
=CAT  \\$aR1911-0245$c20191127$lBLL01$h0944
=CAT  \\$aR1911-0245$c20191127$lBLL01$h1045
=CAT  \\$aIPL-CLA$c20191231$lBLL01$h1936
=CAT  \\$aW2111-0842$c20211209$lBLL01$h1035
=CAT  \\$aIPL-CLA$c20211231$lBLL01$h1543
=CAT  \\$a5410$b40$c20230507$lBLL01$h1833
=CAT  \\$a14586$b40$c20230511$lBLL01$h1659
=CAT  \\$a12654$b40$c20231016$lBLL01$h1041
=CFI  0\$aCurrent copyright fee: GBP46.00$c35\0$e01-jan-2022$fGBP46.00$g0$hP$5Uk
=CFI  1\$aPending copyright fee: GBP39.00$c35\0$e01-jan-2024$fGBP39.00$g0$hP$5Uk
=CFI  2\$aPrevious Copyright Fee: GBP39.00$c35\0$e01-jan-2020$fGBP39.00$g0$hP$5Uk
=EST  \\$a1
=FFP  \\$aY$bBLDSS-3PM
=FIN  \\$aY$d20051124
=MNI  \\$a1552-4825
=SID  \\$aZ39$bOCLC
=TCO  \\$aTRS$bCCC$c008
=TOC  \\$aETOC
=UNO  \\$aY
=ACF  \\$aPrevious Copyright Fee: GBP17.00$c35\0$e01-apr-2005$fGBP17.00$g0$hP$5Uk
=ACF  \\$aPrevious copyright fee: GBP22.00$c35\0$e01-jan-2011$fGBP22.00$g0$hP$5Uk
=ACF  \\$aPrevious copyright fee: GBP24.00$c35\0$e01-mar-2015$fGBP24.00$g0$hP$5Uk
=ACF  \\$aPrevious copyright fee: GBP28.00$c35\0$e01-jan-2019$fGBP28.00$g0$hP$5Uk
=LAS  \\$a12654$b40$c20231016$lBLL01$h1041

