=LDR  04931cas a2201117 a 4500
=001  013345198
=003  Uk
=005  20221017133323.0
=006  m\\\\\o\\d\\\\\\\\
=007  cr\cnu||||||||
=008  990729c19819999enkqx1pso\\\\\0\\\a0eng\d
=FMT  \\$a  SE
=010  \\$a00238323
=015  \\$aGBA600032$2bnb
=022  0\$a1099-162X$l0271-2075$21
=037  \\$aISSN_02712075$bPortico$nWiley
=040  \\$aCSL$cCSL$dIUL$dNSD$dOCLCQ$dMUQ$dOCL$dUk
=042  \\$ansdp$aukblsr
=043  \\$ad------
=050  14$aJF60$b.P832
=082  04$a350$222
=130  0\$aPublic administration and development (Online)
=210  0\$aPublic adm. dev.$b(Online)
=222  \0$aPublic administration and development$b(Online)
=245  10$aPublic administration and development$h[electronic resource].
=260  \\$aBognor Regis, West Sussex, England :$bJohn Wiley & Sons
=310  \\$aFive issues a year
=336  \\$atext$2rdacontent
=337  \\$acomputer$2rdamedia
=338  \\$aonline resource$2rdacarrier
=362  1\$aPrint began with vol. 1, no. 1 (Jan.-Mar. 1981).
=500  \\$aDescription based on: Vol. 17, issue 1 (Feb. 1997); title from title screen (viewed July 29, 1999).
=500  \\$aLatest issue consulted: Vol. 19, issue 5 (Dec. 1999).
=520  \\$aContains full text of articles, 1997- ; abstracts only, 1996.
=530  \\$aAlso issued in print.
=538  \\$aMode of access: World Wide Web.
=550  \\$aIssued by: Royal Institute of Public Administration, 1981-1995; Commonwealth Association for Public Administration and Management, 1996-
=540  \\$aCurrent Copyright Fee: GBP32.00$c35\0$5Uk
=651  \0$aDeveloping countries$xPolitics and government$vPeriodicals.
=650  \0$aPublic administration$zDeveloping countries$vPeriodicals.
=650  \6$aDéveloppement communautaire$zPays en voie de développement$xPériodiques.
=651  \6$aPays en voie de développement$xAdministration$xPériodiques.
=651  \6$aPays en voie de développement$xConditions économiques$vPériodiques.
=651  \6$aPays en voie de développement$xConditions sociales$vPériodiques.
=710  2\$aRoyal Institute of Public Administration.
=710  2\$aCommonwealth Association for Public Administration and Management.
=710  2\$aWiley InterScience (Online service)
=776  1\$tPublic administration and development$x0271-2075
=780  00$tJournal of administration overseas
=859  \\$aELD$bejournal
=856  \\$31850-9999$uhttp://onlinelibrary.wiley.com/$xBLDSS
=852  41$aBritish Library$bHMNTS$jELD Digital store$3Volume 33:Number 1(2013:Feb.)-***20131004***Previous issues available in print copy
=852  41$aBritish Library$bDSC$j6962.560800$3Volume 26:Issue 1(2006)-Volume 31:Issue 5(2011)***See ESTAR for full holdings.
=945  \\$aPUBLIC ADMINISTRATION AND DEVELOPMENT.
=959  \\$fHeld but not currently received
=979  \\$aBritish Library$bDSC$j6962.560800
=CAT  \\$a7332$b40$c20051124$lBLL01$h1259
=CAT  \\$aBATCH-UPD$b40$c20060901$lBLL01$h0959
=CAT  \\$aBATCH-UPD$b40$c20060901$lBLL01$h1030
=CAT  \\$aBATCH-UPD$b40$c20101116$lBLL01$h1334
=CAT  \\$aIPL-CLA$c20101231$lBLL01$h1517
=CAT  \\$aCDS12-UPD$b40$c20120402$lBLL01$h1434
=CAT  \\$aWR12_168$c20121206$lBLL01$h1816
=CAT  \\$aWR13.005$c20130323$lBLL01$h1329
=CAT  \\$a8874$b40$c20130521$lBLL01$h0851
=CAT  \\$aWR13.114$c20130717$lBLL01$h1313
=CAT  \\$aBATCH-PORT$c20130829$lBLL01$h1114
=CAT  \\$aWR14_009$c20140204$lBLL01$h2343
=CAT  \\$aWR14_140$c20140905$lBLL01$h1810
=CAT  \\$aBLDSS-3PM$b00$c20141214$lBLL01$h1523
=CAT  \\$aBATCH-UPD$b00$c20150215$lBLL01$h1656
=CAT  \\$aIPL-CLA$c20150228$lBLL01$h2049
=CAT  \\$aBATCH-UPD$b00$c20160616$lBLL01$h1124
=CAT  \\$aW1711-1005$c20171206$lBLL01$h1817
=CAT  \\$aBATCH-UPD$b00$c20180219$lBLL01$h1747
=CAT  \\$aBATCH-UPD$b00$c20181121$lBLL01$h1622
=CAT  \\$aIPL-CLA$c20181231$lBLL01$h1543
=CAT  \\$aR1911-0245$c20191127$lBLL01$h0823
=CAT  \\$aR1911-0245$c20191127$lBLL01$h1045
=CAT  \\$aIPL-CLA$c20191231$lBLL01$h1936
=CAT  \\$a5410$b40$c20200721$lBLL01$h2044
=CAT  \\$a5410$b40$c20221017$lBLL01$h1333
=CFI  0\$aCurrent Copyright Fee: GBP32.00$c35\0$e01-jan-2020$fGBP32.00$g0$hP$5Uk
=CFI  2\$aPrevious copyright fee: GBP28.00$c35\0$e01-jan-2019$fGBP28.00$g0$hP$5Uk
=EST  \\$a1
=FFP  \\$aY$bBLDSS-3PM
=FIN  \\$aY$d20051124
=MNI  \\$a0271-2075
=SID  \\$aZ39$bOCLC
=TCO  \\$aCLA$bCLA$c008
=TOC  \\$aETOC
=UNO  \\$aY
=ACF  \\$aPrevious Copyright Fee: GBP17.00$c35\0$e01-apr-2005$fGBP17.00$g0$hP$5Uk
=ACF  \\$aPrevious copyright fee: GBP22.00$c35\0$e01-jan-2011$fGBP22.00$g0$hP$5Uk
=ACF  \\$aPrevious copyright fee: GBP24.00$c35\0$e01-mar-2015$fGBP24.00$g0$hP$5Uk
=LAS  \\$a5410$b40$c20221017$lBLL01$h1333

