=LDR  03946cas a2200949 a 4500
=001  013345218
=003  Uk
=005  20191231193641.0
=006  m\\\\\o\\d\\\\\\\\
=007  cr\mnu||||||||
=008  000517c19889999nyubr1pso\\\\\0\\\a0eng\d
=FMT  \\$a  SE
=010  \\$a2001212313
=015  \\$aGBB349055$2bnb
=022  0\$a1099-1204$l0894-3370$y0894-3370
=037  \\$aISSN_08943370$bPortico$nWiley
=040  \\$aOH1$cOH1$dNSD$dTJC$dOCLCQ$dOCL$dUk
=042  \\$ansdp$aukblsr
=082  04$a621.3011
=130  0\$aInternational journal of numerical modelling (Online)
=210  0\$aInt. j. numer. model.$b(Online)
=222  \0$aInternational journal of numerical modelling$b(Online)
=245  10$aInternational journal of numerical modelling$h[electronic resource].
=260  \\$aNew York :$bJ. Wiley
=310  \\$aBimonthly
=336  \\$atext$2rdacontent
=337  \\$acomputer$2rdamedia
=338  \\$aonline resource$2rdacarrier
=362  1\$aPrint began with vol. 1, no. 1 (Mar. 1988).
=500  \\$aDescription based on: Vol. 10, issue 1 (Jan. 1997); title from general information screen (viewed May 17, 2000).
=530  \\$aAlso issued in print.
=538  \\$aMode of access: World Wide Web.
=540  \\$aCurrent Copyright Fee: GBP32.00$c35\0$5Uk
=650  \0$aElectric networks$xMathematical models$vPeriodicals.
=650  \0$aElectronics$xMathematical models$vPeriodicals.
=776  1\$tInternational journal of numerical modelling$x0894-3370
=859  \\$aELD$bejournal
=856  \\$31850-9999$uhttp://onlinelibrary.wiley.com/$xBLDSS
=852  41$aBritish Library$bSTI$jELD Digital store$3Volume 26:Number 1(2013:Jan./Feb.)-***Previous issues available in print copy
=852  41$aBritish Library$bDSC$j4542.406200$3Volume 19:Issue 1(2006)-Volume 24:Issue 6(2011)***See ESTAR for full holdings.
=945  \\$aINTERNATIONAL JOURNAL OF NUMERICAL MODELLING ELECTRONIC NETWORKS DEVICES AND FIELDS
=959  \\$fHeld but not currently received
=CAT  \\$a3072$b40$c20051124$lBLL01$h1316
=CAT  \\$a3072$b40$c20051124$lBLL01$h1322
=CAT  \\$aBATCH-UPD$b40$c20060901$lBLL01$h0959
=CAT  \\$aBATCH-UPD$b40$c20060901$lBLL01$h1030
=CAT  \\$aBATCH-UPD$b40$c20101116$lBLL01$h1334
=CAT  \\$aIPL-CLA$c20101231$lBLL01$h1517
=CAT  \\$aCDS12-UPD$b40$c20120402$lBLL01$h1434
=CAT  \\$aWR12_168$c20121206$lBLL01$h1816
=CAT  \\$a8874$b40$c20130520$lBLL01$h0950
=CAT  \\$a8874$b40$c20130520$lBLL01$h0951
=CAT  \\$aBATCH-CLA$b00$c20130526$lBLL01$h1643
=CAT  \\$aWR13.114$c20130717$lBLL01$h1313
=CAT  \\$aBATCH-PORT$c20130829$lBLL01$h1113
=CAT  \\$aWR14_009$c20140204$lBLL01$h2343
=CAT  \\$aBLDSS-3PM$b00$c20141214$lBLL01$h1523
=CAT  \\$aBATCH-UPD$b00$c20150215$lBLL01$h1656
=CAT  \\$aIPL-CLA$c20150228$lBLL01$h2049
=CAT  \\$aBATCH-UPD$b00$c20160607$lBLL01$h0844
=CAT  \\$aW1711-1005$c20171206$lBLL01$h1817
=CAT  \\$aBATCH-UPD$b00$c20180219$lBLL01$h1747
=CAT  \\$aBATCH-UPD$b00$c20181121$lBLL01$h1622
=CAT  \\$aIPL-CLA$c20181231$lBLL01$h1543
=CAT  \\$aR1911-0245$c20191127$lBLL01$h0823
=CAT  \\$aR1911-0245$c20191127$lBLL01$h1045
=CAT  \\$aIPL-CLA$c20191231$lBLL01$h1936
=CFI  0\$aCurrent Copyright Fee: GBP32.00$c35\0$e01-jan-2020$fGBP32.00$g0$hP$5Uk
=CFI  2\$aPrevious copyright fee: GBP28.00$c35\0$e01-jan-2019$fGBP28.00$g0$hP$5Uk
=EST  \\$a1
=FFP  \\$aY$bBLDSS-3PM
=FIN  \\$aY$d20051124
=MNI  \\$a0894-3370
=SID  \\$aZ39$bOCLC
=TCO  \\$aTRS$bCCC$c008
=TCO  \\$aCLA$bCLA$c008
=TOC  \\$aETOC
=UNO  \\$aY
=ACF  \\$aPrevious Copyright Fee: GBP17.00$c35\0$e01-apr-2005$fGBP17.00$g0$hP$5Uk
=ACF  \\$aPrevious copyright fee: GBP22.00$c35\0$e01-jan-2011$fGBP22.00$g0$hP$5Uk
=ACF  \\$aPrevious copyright fee: GBP24.00$c35\0$e01-mar-2015$fGBP24.00$g0$hP$5Uk
=LAS  \\$aIPL-CLA$b00$c20191231$lBLL01$h1936

