=LDR  05076cas a2201105 a 4500
=001  013345259
=003  Uk
=005  20221017133506.0
=006  m\\\\\o\\d\\\\\\\\
=007  cr\mnu||||||||
=008  980108c19879999enksx1pso\\\\\0\\\a0eng\d
=FMT  \\$a  SE
=010  \\$asn 97001401
=015  \\$aGBA600048$2bnb
=022  0\$a1097-0231$l0951-4198$y0951-4198$21
=037  \\$aISSN_09514198$bPortico$nWiley
=040  \\$aNSD$beng$cNSD$dOCL$dIUL$dNSD$dTJC$dOCLCQ$dMYG$dOCLCQ$dGUA$dOCLCQ$dOCL$dIUL$dUk
=042  \\$ansdp$aukblsr
=050  14$aQD96
=082  04$a543.65$222
=130  0\$aRapid communications in mass spectrometry (Online)
=210  0\$aRapid commun. mass spectrom.$b(Online)
=222  \0$aRapid communications in mass spectrometry$b(Online)
=245  10$aRapid communications in mass spectrometry$h[electronic resource] :$bRCM.
=246  30$aRCM
=260  \\$aChichester ;$bJohn Wiley & Sons$aNew York, NY :
=310  \\$aTwenty four no. a year
=336  \\$atext$2rdacontent
=337  \\$acomputer$2rdamedia
=338  \\$aonline resource$2rdacarrier
=362  1\$aPrint began with vol. 1, no. 1 (May 1987).
=500  \\$aDescription based on: Vol. 11, issue 1 (15 Jan. 1997); title from contents screen (Wiley Interscience, viewed Jan. 16, 2004).
=516  \\$aPDF format
=538  \\$aMode of access: World Wide Web.
=500  \\$aLatest issue consulted: Vol. 19, issue 21 (15 Nov. 2005); viewed: Nov. 11, 2005.
=520  \\$aAbstracts and full-text, 1997- ; abstracts only, 1996.
=525  \\$aSpecial 1995 combined issue with Journal of mass spectrometry: Third International Symposium on Applied Mass Spectrometry in the Health Sciences and the European Tandem Mass Spectrometry Conference, Barcelona, July 9-13, 1995.
=530  \\$aAlso issued in print.
=540  \\$aCurrent Copyright Fee: GBP46.00$c35\0$5Uk
=650  \0$aMass spectrometry$vPeriodicals.
=711  2\$aInternational Symposium on Applied Mass Spectrometry in the Health Sciences.
=711  2\$aEuropean Tandem Mass Spectrometry Conference.
=730  0\$aJournal of mass spectrometry.
=740  02$aInternational Symposium on Applied Mass Spectrometry in the Health Sciences and the European Tandem Mass Spectrometry Conference.
=776  1\$tRapid communications in mass spectrometry$x0951-4198
=787  1\$tJournal of mass spectrometry (Online)$x1096-9888
=859  \\$aELD$bejournal
=856  \\$31850-9999$uhttp://onlinelibrary.wiley.com/$xBLDSS
=852  41$aBritish Library$bSTI$jELD Digital store$3Volume 27:Number 1(2013)-***Previous issues available in print copy
=852  41$aBritish Library$bDSC$j7254.440000$3Volume 11:Issue 1(1997)-Volume 28:Issue 24(2014)***See ESTAR for full holdings.
=945  \\$aRapid communications in mass spectrometry
=959  \\$fHeld but not currently received
=979  \\$aBritish Library$bDSC$j7254.440000
=985  \\$aCONFERENCE ANALYTIC RECORDS EXIST
=CAT  \\$a7332$b40$c20051124$lBLL01$h1342
=CAT  \\$aWR12_168$c20121206$lBLL01$h1816
=CAT  \\$aWR13.005$c20130323$lBLL01$h1329
=CAT  \\$a8874$b40$c20130517$lBLL01$h1043
=CAT  \\$aWR13.114$c20130717$lBLL01$h1313
=CAT  \\$aBATCH-PORT$c20130829$lBLL01$h1114
=CAT  \\$a8342$b40$c20131016$lBLL01$h1136
=CAT  \\$aBATCH-CLA$b00$c20140125$lBLL01$h1258
=CAT  \\$aWR14_009$c20140204$lBLL01$h2343
=CAT  \\$aBATCH-CLA$c20140225$lBLL01$h2325
=CAT  \\$aWR14_140$c20140905$lBLL01$h1810
=CAT  \\$aBLDSS-3PM$b00$c20141214$lBLL01$h1523
=CAT  \\$aBATCH-UPD$b00$c20150215$lBLL01$h1656
=CAT  \\$aIPL-CLA$c20150228$lBLL01$h2049
=CAT  \\$aCDS15-UPD$b40$c20150918$lBLL01$h1639
=CAT  \\$aBATCH-UPD$b40$c20160519$lBLL01$h1803
=CAT  \\$aW1711-1005$c20171206$lBLL01$h1817
=CAT  \\$aBATCH-UPD$b00$c20180219$lBLL01$h1747
=CAT  \\$aBATCH-UPD$b00$c20181121$lBLL01$h1622
=CAT  \\$aIPL-CLA$c20181231$lBLL01$h1543
=CAT  \\$aR1911-0245$c20191127$lBLL01$h1015
=CAT  \\$aR1911-0245$c20191127$lBLL01$h1031
=CAT  \\$aR1911-0245$c20191127$lBLL01$h1035
=CAT  \\$aIPL-CLA$c20191231$lBLL01$h1936
=CAT  \\$a5410$b40$c20200710$lBLL01$h2223
=CAT  \\$a5410$b40$c20221017$lBLL01$h1335
=CFI  0\$aCurrent Copyright Fee: GBP46.00$c35\0$e01-jan-2020$fGBP46.00$g0$hP$5Uk
=CFI  2\$aPrevious copyright fee: GBP28.00$c35\0$e01-jan-2019$fGBP28.00$g0$hP$5Uk
=EST  \\$a1
=FFP  \\$aY$bBLDSS-3PM
=FIN  \\$aY$d20051124
=LKR  \\$aPAR$b008554289$lBLL01$r776$mRapid communications in mass spectrometry [electronic resource].$nRCM. Rapid communications in mass spectrometry (Print).
=MNI  \\$a0951-4198
=SID  \\$aZ39$bOCLC
=TCO  \\$aCLA$bCLA$c008
=TOC  \\$aETOC
=UNO  \\$aY
=ACF  \\$aPrevious Copyright Fee: GBP17.00$c35\0$e01-apr-2005$fGBP17.00$g0$hP$5Uk
=ACF  \\$aPrevious copyright fee: GBP22.00$c35\0$e01-jan-2011$fGBP22.00$g0$hP$5Uk
=ACF  \\$aPrevious copyright fee: GBP24.00$c35\0$e01-mar-2015$fGBP24.00$g0$hP$5Uk
=LAS  \\$a5410$b40$c20221017$lBLL01$h1335

