=LDR  04308cas a2201021 a 4500
=001  013345284
=003  Uk
=005  20191231193641.0
=006  m\\\\\o\\d\\\\\\\\
=007  cr\cnu||||||||
=008  021021c20039999enkbr1pso\\\\\0\\\a0eng\c
=FMT  \\$a  SE
=010  \\$a2002215229
=015  \\$aGBA600060$2bnb
=022  0\$a1542-0981$l1542-0973$21
=037  \\$bJohn Wiley & Sons, 1 Oldlands Way, Bognor Regis, West Sussex PO229SA, U.K.$aISSN_15420973$c{dollar}1,620.00
=037  \\$aISSN_15420973$bPortico$nWiley
=040  \\$aNSD$cNSD$dCUS$dFUG$dOCLCQ$dNSD$dUk
=042  \\$aukblsr$ansdp
=050  10$aISSN RECORD
=050  \4$aTK5104$b.I577
=082  04$a621.3825$222
=130  0\$aInternational journal of satellite communications and networking (Online)
=210  0\$aInt. j. satell. commun. netw.$b(Online)
=222  \0$aInternational journal of satellite communications and networking$b(Online)
=245  10$aInternational journal of satellite communications and networking$h[electronic resource].
=260  \\$aChichester, U.K. :$bJohn Wiley & Sons
=310  \\$aBimonthly
=336  \\$atext$2rdacontent
=337  \\$acomputer$2rdamedia
=338  \\$aonline resource$2rdacarrier
=362  0\$aVol. 21, no. 1 (Jan.-Feb. 2003)-
=500  \\$aTitle from journal homepage (Wiley, viewed Aug. 20, 2003).
=530  \\$aAlso issued in print.
=538  \\$aMode of access: World Wide Web.
=595  \\$aCONTD AS 4542.54285 VOL. 21, 2003-.
=540  \\$aCurrent Copyright Fee: GBP39.00$c35\0$5Uk
=650  \0$aArtificial satellites in telecommunication$vPeriodicals.
=650  \0$aDigital communications$vPeriodicals.
=776  1\$tInternational journal of satellite communications and networking$x1542-0973
=780  00$tInternational journal of satellite communications (Online)$x1099-1247
=859  \\$aELD$bejournal
=856  \\$31850-9999$uhttp://onlinelibrary.wiley.com/$xBLDSS
=852  41$aBritish Library$bSTI$jELD Digital store$3Volume 31:Number 1(2013:Jan./Feb.)-***Previous issues available in print copy
=852  41$aBritish Library$bDSC$j4542.542850$3Volume 24:Issue 1(2006)-Volume 32:Issue 6(2014)***See ESTAR for full holdings.
=945  \\$aINTERNATIONAL JOURNAL OF SATELLITE COMMUNICATIONS.
=959  \\$fHeld but not currently received
=985  \\$aCONFERENCE ANALYTIC &RECORDS EXIST
=CAT  \\$a3072$b40$c20051124$lBLL01$h1355
=CAT  \\$a3072$b40$c20051124$lBLL01$h1357
=CAT  \\$aBATCH-UPD$b40$c20101201$lBLL01$h1250
=CAT  \\$aIPL-CLA$c20101231$lBLL01$h1517
=CAT  \\$a5552$b40$c20110106$lBLL01$h1310
=CAT  \\$a6738$b40$c20110118$lBLL01$h1311
=CAT  \\$a8464$b40$c20110124$lBLL01$h1146
=CAT  \\$aWR12_168$c20121206$lBLL01$h1836
=CAT  \\$aWR13.005$c20130323$lBLL01$h1329
=CAT  \\$a8874$b40$c20130521$lBLL01$h1404
=CAT  \\$aWR13.114$c20130717$lBLL01$h1313
=CAT  \\$aBATCH-PORT$c20130829$lBLL01$h1113
=CAT  \\$aWR14_009$c20140204$lBLL01$h2342
=CAT  \\$aBLDSS-3PM$b00$c20141214$lBLL01$h1523
=CAT  \\$a13041$b40$c20141217$lBLL01$h1532
=CAT  \\$aBATCH-UPD$b40$c20150215$lBLL01$h1656
=CAT  \\$aIPL-CLA$c20150228$lBLL01$h2049
=CAT  \\$aCDS15-UPD$b40$c20150918$lBLL01$h1639
=CAT  \\$aBATCH-UPD$b40$c20160608$lBLL01$h0847
=CAT  \\$aW1711-1005$c20171206$lBLL01$h1817
=CAT  \\$aBATCH-UPD$b00$c20180219$lBLL01$h1747
=CAT  \\$aBATCH-UPD$b00$c20181121$lBLL01$h1622
=CAT  \\$aIPL-CLA$c20181231$lBLL01$h1543
=CAT  \\$aR1911-0245$c20191127$lBLL01$h0944
=CAT  \\$aR1911-0245$c20191127$lBLL01$h1045
=CAT  \\$aIPL-CLA$c20191231$lBLL01$h1936
=CFI  0\$aCurrent Copyright Fee: GBP39.00$c35\0$e01-jan-2020$fGBP39.00$g0$hP$5Uk
=CFI  2\$aPrevious copyright fee: GBP28.00$c35\0$e01-jan-2019$fGBP28.00$g0$hP$5Uk
=EST  \\$a1
=FFP  \\$aY$bBLDSS-3PM
=FIN  \\$aY$d20051124
=MNI  \\$a1542-0973
=SID  \\$aZ39$bOCLC
=TCO  \\$aCLA$bCLA$c008
=TOC  \\$aETOC
=UNO  \\$aY
=ACF  \\$aPrevious Copyright Fee: GBP17.00$c0$e01-oct-2005$fGBP17.00$g0$hC$5Uk
=ACF  \\$aPrevious copyright fee: GBP22.00$c35\0$e01-jan-2011$fGBP22.00$g0$hP$5Uk
=ACF  \\$aPrevious copyright fee: GBP24.00$c35\0$e01-mar-2015$fGBP24.00$g0$hP$5Uk
=LAS  \\$aIPL-CLA$b00$c20191231$lBLL01$h1936

