=LDR  04358cas a2201021 a 4500
=001  013345307
=003  Uk
=005  20221017133554.0
=006  m\\\\\o\\u\\\\\\\\
=007  cr\cnu||||||||
=008  971230c19729999nyumx1pso\\\\\0\\\a0eng\d
=FMT  \\$a  SE
=010  \\$asn 97001333
=015  \\$aGBB348802$2bnb
=022  0\$a1096-9845$l0098-8847$21
=037  \\$aISSN_00988847$bPortico$nWiley
=040  \\$aNSD$cNSD$dOCLCQ$dUk
=042  \\$ansdp$aukblsr
=082  04$a624.1762$222
=130  0\$aEarthquake engineering and structural dynamics (Online)
=210  0\$aEarthquake eng. struct. dyn.$b(Online)
=222  \0$aEarthquake engineering and structural dynamics$b(Online)
=245  10$aEarthquake engineering and structural dynamics$h[electronic resource].
=260  \\$aNew York, NY :$bJohn Wiley & Sons.
=310  \\$aTwelve no. a year
=336  \\$atext$2rdacontent
=337  \\$acomputer$2rdamedia
=338  \\$aonline resource$2rdacarrier
=362  1\$aPrint began with: Vol. 1 in July/Sept. 1972.
=500  \\$aDescription based on: Vol. 25, issue 1 (Jan. 1996); title from table of contents (viewed Dec. 8, 2000).
=530  \\$aAlso issued in print.
=538  \\$aMode of access: World Wide Web.
=550  \\$aJournal of the International Association for Earthquake Engineering and of the International Association for Structural Control, <Apr. 2003->
=540  \\$aCurrent copyright fee: GBP46.00$c35\0$5Uk
=650  \0$aStructural dynamics$vPeriodicals.
=650  \0$aEarthquake engineering$vPeriodicals.
=710  2\$aInternational Association for Earthquake Engineering.
=710  2\$aInternational Association for Structural Control.
=776  1\$tEarthquake engineering and structural dynamics$x0098-8847
=859  \\$aELD$bejournal
=856  \\$31850-9999$uhttp://onlinelibrary.wiley.com/$xBLDSS
=852  41$aBritish Library$bDSC$j3643.575000$3Volume 35:Issue 1(2006)-Volume 43:Issue 15(2014)***See ESTAR for full holdings.
=852  41$aBritish Library$bHMNTS$jELD Digital store$3Volume 42:Number 1(2013:Jan.)-***Previous issues available in print copy
=945  \\$aEARTHQUAKE ENGINEERING AND STRUCTURAL DYNAMICS.
=959  \\$fHeld but not currently received
=979  \\$aBritish Library$bDSC$j3643.575000
=CAT  \\$a7332$b40$c20051124$lBLL01$h1403
=CAT  \\$aBATCH-UPD$b40$c20101116$lBLL01$h1334
=CAT  \\$aIPL-CLA$c20101231$lBLL01$h1517
=CAT  \\$aWR12_168$c20121206$lBLL01$h1816
=CAT  \\$aWR13.005$c20130323$lBLL01$h1329
=CAT  \\$a8874$b40$c20130517$lBLL01$h0745
=CAT  \\$aBATCH-CLA$b00$c20130526$lBLL01$h1627
=CAT  \\$aWR13.114$c20130717$lBLL01$h1313
=CAT  \\$aBATCH-PORT$c20130829$lBLL01$h1113
=CAT  \\$aWR14_009$c20140204$lBLL01$h2342
=CAT  \\$aBLDSS-3PM$b00$c20141214$lBLL01$h1523
=CAT  \\$aBATCH-UPD$b00$c20150215$lBLL01$h1656
=CAT  \\$aIPL-CLA$c20150228$lBLL01$h2049
=CAT  \\$aCDS15-UPD$b40$c20150918$lBLL01$h1639
=CAT  \\$aBATCH-UPD$b40$c20160518$lBLL01$h1947
=CAT  \\$aW1711-1005$c20171206$lBLL01$h1817
=CAT  \\$aBATCH-UPD$b00$c20180219$lBLL01$h1747
=CAT  \\$aBATCH-UPD$b00$c20181121$lBLL01$h1622
=CAT  \\$aIPL-CLA$c20181231$lBLL01$h1543
=CAT  \\$a5410$b40$c20191108$lBLL01$h1346
=CAT  \\$aR1911-0245$c20191127$lBLL01$h0945
=CAT  \\$aR1911-0245$c20191127$lBLL01$h1045
=CAT  \\$aIPL-CLA$c20191231$lBLL01$h1936
=CAT  \\$aW2111-0842$c20211209$lBLL01$h1035
=CAT  \\$aIPL-CLA$c20211231$lBLL01$h1543
=CAT  \\$a5410$b40$c20221017$lBLL01$h1335
=CFI  0\$aCurrent copyright fee: GBP46.00$c35\0$e01-jan-2022$fGBP46.00$g0$hP$5Uk
=CFI  2\$aPrevious Copyright Fee: GBP39.00$c35\0$e01-jan-2020$fGBP39.00$g0$hP$5Uk
=EST  \\$a1
=FFP  \\$aY$bBLDSS-3PM
=FIN  \\$aY$d20051124
=MNI  \\$a0098-8847
=SID  \\$aZ39$bOCLC
=TCO  \\$aTRS$bCCC$c008
=TCO  \\$aCLA$bCLA$c008
=TOC  \\$aETOC
=UNO  \\$aY
=ACF  \\$aPrevious Copyright Fee: GBP17.00$c35\0$e01-apr-2005$fGBP17.00$g0$hP$5Uk
=ACF  \\$aPrevious copyright fee: GBP22.00$c35\0$e01-jan-2011$fGBP22.00$g0$hP$5Uk
=ACF  \\$aPrevious copyright fee: GBP24.00$c35\0$e01-mar-2015$fGBP24.00$g0$hP$5Uk
=ACF  \\$aPrevious copyright fee: GBP28.00$c35\0$e01-jan-2019$fGBP28.00$g0$hP$5Uk
=LAS  \\$a5410$b40$c20221017$lBLL01$h1335

