=LDR  04576cas a2201057 a 4500
=001  013345331
=003  Uk
=005  20230317133525.0
=006  m\\\\\\\\d\\\\\\\\
=007  cr\cnu\\\\\\\\
=008  030829c20039999njubx1pss\\\\\0\\\a0eng\d
=FMT  \\$a  SE
=010  \\$a2004212591
=022  0\$a1552-485X$y1552-4841$y1096-8628
=037  \\$aISSN_15524841$bPortico$nWiley
=040  \\$aHUA$cHUA$dOCLCQ$dCOU$dOCLCQ$dNSD$dGAT$dUk
=042  \\$ansdp$aukblsr
=050  10$aISSN RECORD
=050  14$aRC321
=082  04$a616.8904205$222
=130  0\$aAmerican journal of medical genetics.$nPart B,$pNeuropsychiatric genetics (Online)
=210  0\$aAm. j. med. genet., Part B Neuropsychiatr. genet.$b(Online)
=222  \0$aAmerican journal of medical genetics. Part B, Neuropsychiatric genetics$b(Online)
=245  10$aAmerican journal of medical genetics.$nPart B,$pNeuropsychiatric genetics$h[electronic resource].
=246  30$aNeuropsychiatric genetics
=260  \\$aHoboken, N.J. :$bWiley-Liss,$c2003-
=310  \\$aEight times a year
=336  \\$atext$2rdacontent
=337  \\$acomputer$2rdamedia
=338  \\$aonline resource$2rdacarrier
=362  0\$aVol. 116B, issue 1 (Jan. 1, 2003)-
=500  \\$aFounded by: John M. Opitz.
=500  \\$aTitle from journal issues page (Wiley InterScience, viewed Oct. 22, 2003).
=500  \\$aLatest issue consulted: Vol. 130B, issue 1 (Sept. 15, 2004) (Wiley InterScience, viewed Sept. 17, 2004).
=515  \\$aEach vol. complete in one issue.
=530  \\$aAlso issued in print.
=538  \\$aMode of access: World Wide Web.
=550  \\$a"Published on behalf of the International Society of Psychiatric Genetics."
=540  \\$aCurrent copyright fee: GBP39.00$c35\0$5Uk
=650  \0$aNeuropsychiatry$vPeriodicals.
=650  \0$aMedical genetics$vPeriodicals.
=700  1\$aOpitz, John M.
=710  2\$aInternational Society of Psychiatric Genetics.
=776  1\$tAmerican journal of medical genetics. Part B, Neuropsychiatric genetics$x1552-4841
=780  01$tAmerican journal of medical genetics (Online)$x1096-8628
=859  \\$aELD$bejournal
=856  \\$31850-9999$uhttp://onlinelibrary.wiley.com/$xBLDSS
=852  41$aBritish Library$bDSC$j0827.930000$3Volume 141:Issue 1(2006)-Volume 177:Issue 3(2018)***See ESTAR for full holdings.
=852  41$aBritish Library$bHMNTS$jELD Digital store$3Volume 162:Issue 1(2013)-***Previous issues available in print copy
=945  \\$aAmerican journal of medical genetics. Part B.
=959  \\$fHeld but not currently received
=979  \\$aBritish Library$bDSC$j0827.930000
=CAT  \\$a8141$b40$c20051124$lBLL01$h1410
=CAT  \\$a8141$b40$c20051124$lBLL01$h1413
=CAT  \\$a8464$b40$c20051213$lBLL01$h1404
=CAT  \\$aBATCH-UPD$b40$c20060901$lBLL01$h0959
=CAT  \\$aBATCH-UPD$b40$c20060901$lBLL01$h1030
=CAT  \\$aBATCH-UPD$b40$c20101116$lBLL01$h1334
=CAT  \\$aIPL-CLA$c20101231$lBLL01$h1517
=CAT  \\$aWR12_168$c20121206$lBLL01$h1816
=CAT  \\$a10983$b40$c20140416$lBLL01$h1323
=CAT  \\$aBLDSS-3PM$b00$c20141214$lBLL01$h1523
=CAT  \\$aBATCH-UPD$b00$c20150215$lBLL01$h1656
=CAT  \\$aIPL-CLA$c20150228$lBLL01$h2049
=CAT  \\$aBATCH-UPD$b00$c20160519$lBLL01$h1117
=CAT  \\$aW1711-1005$c20171206$lBLL01$h1817
=CAT  \\$aBATCH-UPD$b00$c20180219$lBLL01$h1747
=CAT  \\$aW1805-0471$c20180520$lBLL01$h1139
=CAT  \\$aBATCH-UPD$b00$c20181121$lBLL01$h1622
=CAT  \\$aIPL-CLA$c20181231$lBLL01$h1543
=CAT  \\$aR1911-0245$c20191127$lBLL01$h0823
=CAT  \\$aR1911-0245$c20191127$lBLL01$h1045
=CAT  \\$aIPL-CLA$c20191231$lBLL01$h1936
=CAT  \\$aW2111-0842$c20211208$lBLL01$h1942
=CAT  \\$aIPL-CLA$c20211231$lBLL01$h1543
=CAT  \\$a5410$b40$c20230317$lBLL01$h1335
=CFI  0\$aCurrent copyright fee: GBP39.00$c35\0$e01-jan-2022$fGBP39.00$g0$hP$5Uk
=CFI  2\$aPrevious Copyright Fee: GBP32.00$c35\0$e01-jan-2020$fGBP32.00$g0$hP$5Uk
=EST  \\$a1
=FFP  \\$aY$bBLDSS-3PM
=FIN  \\$aY$d20051124
=MNI  \\$a1552-4841
=SID  \\$aZ39$bOCLC
=TCO  \\$aTRS$bCCC$c008
=TOC  \\$aETOC
=UNO  \\$aY
=ACF  \\$aPrevious Copyright Fee: GBP17.00$c35\0$e01-apr-2005$fGBP17.00$g0$hP$5Uk
=ACF  \\$aPrevious copyright fee: GBP22.00$c35\0$e01-jan-2011$fGBP22.00$g0$hP$5Uk
=ACF  \\$aPrevious copyright fee: GBP24.00$c35\0$e01-mar-2015$fGBP24.00$g0$hP$5Uk
=ACF  \\$aPrevious copyright fee: GBP28.00$c35\0$e01-jan-2019$fGBP28.00$g0$hP$5Uk
=LAS  \\$a5410$b40$c20230317$lBLL01$h1335

