=LDR  04773cas a2201153 a 4500
=001  013345367
=003  Uk
=005  20221017133644.0
=006  m\\\\\\\\d\\\\\\\\
=007  cr\cnu\\\\\\\\
=008  980108c19719999enkmn1pss\\\\\0\\\a0eng\d
=FMT  \\$a  SE
=010  \\$asn 97001402
=015  \\$aGBA600081$2bnb
=022  0\$a1097-024X
=037  \\$aISSN_00380644$bPortico$nWiley
=040  \\$aNSD$cNSD$dOCL$dIUL$dNSD$dOCLCQ$dDLC$dOCLCQ$dIUL$dUk
=042  \\$ansdp$aukblsr
=050  14$aQA76.5$b.S6532
=082  04$a005.3$222
=130  0\$aSoftware, practice & experience (Online)
=210  0\$aSoftw. pract. exp.$b(Online)
=222  \0$aSoftware, practice and experience$b(Online)
=245  10$aSoftware, practice & experience$h[electronic resource].
=246  30$aSoftware
=246  3\$aSoftware, practice and experience
=246  13$aSP & E
=246  13$aSP&E
=260  \\$aChichester :$bJohn Wiley & Sons
=321  \\$aMonthly, plus three additional issues in Apr., July, and Nov.,$b2000-
=321  \\$aFrequency varies,$b1971-1997
=321  \\$aFifteen no. a year,$b1998-1999
=336  \\$atext$2rdacontent
=337  \\$acomputer$2rdamedia
=338  \\$aonline resource$2rdacarrier
=362  1\$aPrint began in 1971.
=500  \\$aDescription based on: Vol. 26, issue 1 (Jan. 1996); title from image of cover (viewed: Nov. 22, 2005).
=500  \\$aLatest issue consulted: Vol. 35, issue 15 (Dec. 2005); viewed: Nov. 22, 2005.
=506  \\$aText and graphics (electronic journal).
=520  \\$aAbstracts and full-text (PDF only), 1997- ; abstracts only, 1996.
=525  \\$aSpecial issues accompany some volumes.
=530  \\$aAlso issued in print.
=538  \\$aMode of access: World Wide Web.
=580  \\$aIssued also on CD-ROM, with extended searching capabilities, as: Software (Chichester, England).
=540  \\$aCurrent copyright fee: GBP46.00$c35\0$5Uk
=650  \0$aComputer software$vPeriodicals.
=650  \0$aComputer programming$vPeriodicals.
=650  \0$aComputer programs$vPeriodicals.
=710  2\$aWiley InterScience (Online service)
=776  1\$tSoftware: practice & experience$x0038-0644
=776  1\$tSoftware (Chichester, England : CD-ROM)
=859  \\$aELD$bejournal
=856  \\$31850-9999$uhttp://onlinelibrary.wiley.com/$xBLDSS
=852  41$aBritish Library$bSTI$jELD Digital store$3Volume 43:Number 1(2013)-***Previous issues available in print copy
=852  41$aBritish Library$bDSC$j8321.453000$3Volume 36:Issue 2(2006)-Volume 41:Issue 12(2011)***See ESTAR for full holdings.
=945  \\$aSOFTWARE PRACTICE AND EXPERIENCE.
=959  \\$fHeld but not currently received
=979  \\$aBritish Library$bDSC$j8321.453000
=CAT  \\$a7332$b40$c20051124$lBLL01$h1427
=CAT  \\$aBATCH-UPD$b40$c20101116$lBLL01$h1334
=CAT  \\$aIPL-CLA$c20101231$lBLL01$h1517
=CAT  \\$aCDS12-UPD$b40$c20120402$lBLL01$h1434
=CAT  \\$aWR12_168$c20121206$lBLL01$h1816
=CAT  \\$aWR13.005$c20130323$lBLL01$h1330
=CAT  \\$aWR13.114$c20130717$lBLL01$h1313
=CAT  \\$aBATCH-PORT$c20130829$lBLL01$h1114
=CAT  \\$aWR14_009$c20140204$lBLL01$h2343
=CAT  \\$aWR14_140$c20140905$lBLL01$h1810
=CAT  \\$aBLDSS-3PM$b00$c20141214$lBLL01$h1523
=CAT  \\$aBATCH-UPD$b00$c20150215$lBLL01$h1656
=CAT  \\$aIPL-CLA$c20150228$lBLL01$h2049
=CAT  \\$aBATCH-UPD$b00$c20160526$lBLL01$h1909
=CAT  \\$aW1711-1005$c20171206$lBLL01$h1817
=CAT  \\$aBATCH-UPD$b00$c20180219$lBLL01$h1747
=CAT  \\$aBATCH-UPD$b00$c20181121$lBLL01$h1622
=CAT  \\$aIPL-CLA$c20181231$lBLL01$h1543
=CAT  \\$aR1911-0245$c20191127$lBLL01$h0945
=CAT  \\$aR1911-0245$c20191127$lBLL01$h1045
=CAT  \\$aIPL-CLA$c20191231$lBLL01$h1936
=CAT  \\$a5410$b40$c20200226$lBLL01$h1132
=CAT  \\$a5410$b40$c20200226$lBLL01$h1133
=CAT  \\$aW2111-0842$c20211209$lBLL01$h1035
=CAT  \\$aIPL-CLA$c20211231$lBLL01$h1543
=CAT  \\$a5410$b40$c20221017$lBLL01$h1336
=CFI  0\$aCurrent copyright fee: GBP46.00$c35\0$e01-jan-2022$fGBP46.00$g0$hP$5Uk
=CFI  2\$aPrevious Copyright Fee: GBP39.00$c35\0$e01-jan-2020$fGBP39.00$g0$hP$5Uk
=EST  \\$a1
=FFP  \\$aY$bBLDSS-3PM
=FIN  \\$aY$d20051124
=MNI  \\$a0038-0644
=SID  \\$aZ39$bOCLC
=TCO  \\$aCLA$bCLA$c008
=TOC  \\$aETOC
=UNO  \\$aY
=ACF  \\$aPrevious Copyright Fee: GBP17.00$c35\0$e01-apr-2005$fGBP17.00$g0$hP$5Uk
=ACF  \\$aPrevious copyright fee: GBP22.00$c35\0$e01-jan-2011$fGBP22.00$g0$hP$5Uk
=ACF  \\$aPrevious copyright fee: GBP24.00$c35\0$e01-mar-2015$fGBP24.00$g0$hP$5Uk
=ACF  \\$aPrevious copyright fee: GBP28.00$c35\0$e01-jan-2019$fGBP28.00$g0$hP$5Uk
=LAS  \\$a5410$b40$c20221017$lBLL01$h1336

