=LDR  04512cas a2201045 a 4500
=001  013345382
=003  Uk
=005  20231016104425.0
=006  m\\\\\\\\d\\\\\\\\
=007  cr\cnu\\\\\\\\
=008  030909c20039999njuqr1pss\\\\\0\\\a0eng\d
=FMT  \\$a  SE
=010  \\$a2004212593
=022  0\$a1552-4876$y1552-4868$y1096-8628
=037  \\$aISSN_15524868$bPortico$nWiley
=040  \\$aHUA$cHUA$dOCLCQ$dCOU$dOCLCQ$dNSD$dGAT$dUk
=042  \\$ansdp$aukblsr
=050  10$aISSN RECORD
=050  14$aRB155
=082  04$a616.04205$222
=130  0\$aAmerican journal of medical genetics.$nPart C,$pSeminars in medical genetics (Online)
=210  0\$aAm. j. med. genet., Part C Semin. med. genet.$b(Online)
=222  \0$aAmerican journal of medical genetics. Part C, Seminars in medical genetics$b(Online)
=245  10$aAmerican journal of medical genetics.$nPart C,$pSeminars in medical genetics$h[electronic resource].
=246  30$aSeminars in medical genetics
=260  \\$aHoboken, N.J. :$bWiley-Liss,$c2003-
=310  \\$aQuarterly
=336  \\$atext$2rdacontent
=337  \\$acomputer$2rdamedia
=338  \\$aonline resource$2rdacarrier
=362  0\$aVol. 117C, issue 1 (Feb. 15, 2003)-
=500  \\$aFounded by: John M. Opitz.
=500  \\$aTitle from journal issues page (Wiley InterScience, viewed Oct. 22, 2003).
=500  \\$aLatest issue consulted: Vol. 129C, issue 1 (Aug. 15, 2004) (Wiley InterScience, viewed Sept. 17, 2004).
=515  \\$aEach vol. complete in one issue; even numbered vols. skipped in numbering.
=530  \\$aAlso issued in print.
=538  \\$aMode of access: World Wide Web.
=540  \\$aCurrent copyright fee: GBP39.00$c35\0$5Uk
=650  \0$aMedical genetics$vPeriodicals.
=700  1\$aOpitz, John M.
=776  1\$tAmerican journal of medical genetics. Part C, Seminars in medical genetics$x1552-4868
=780  01$tAmerican journal of medical genetics (Online)$x1096-8628
=856  \\$31850-9999$uhttp://onlinelibrary.wiley.com/$xBLDSS
=859  \\$aELD$bejournal
=852  41$aBritish Library$bDSC$j0827.940000$3Volume 142:Issue 1(2006)-Volume 175:Issue 4(2017)***See ESTAR for full holdings.
=852  41$aBritish Library$bHMNTS$jELD Digital store$3Volume 163:Issue 1(2013)-
=945  \\$aAmerican journal of medical genetics. Part C.
=959  \\$fHeld but not currently received
=979  \\$aBritish Library$bDSC$j0827.940000
=CAT  \\$a8141$b40$c20051124$lBLL01$h1435
=CAT  \\$a8141$b40$c20051124$lBLL01$h1438
=CAT  \\$a8464$b40$c20051213$lBLL01$h1423
=CAT  \\$aBATCH-UPD$b40$c20060901$lBLL01$h0959
=CAT  \\$aBATCH-UPD$b40$c20060901$lBLL01$h1030
=CAT  \\$aBATCH-UPD$b40$c20101116$lBLL01$h1334
=CAT  \\$aIPL-CLA$c20101231$lBLL01$h1517
=CAT  \\$a10983$b40$c20140506$lBLL01$h1545
=CAT  \\$aBLDSS-3PM$b00$c20141214$lBLL01$h1523
=CAT  \\$aBATCH-UPD$b00$c20150215$lBLL01$h1656
=CAT  \\$aIPL-CLA$c20150228$lBLL01$h2049
=CAT  \\$aWR16_048$c20160322$lBLL01$h1613
=CAT  \\$aBATCH-UPD$b00$c20160519$lBLL01$h1111
=CAT  \\$aW1711-1005$c20171206$lBLL01$h1817
=CAT  \\$aBATCH-UPD$b00$c20180219$lBLL01$h1747
=CAT  \\$aW1805-0471$c20180520$lBLL01$h1139
=CAT  \\$aBATCH-UPD$b00$c20181121$lBLL01$h1622
=CAT  \\$aIPL-CLA$c20181231$lBLL01$h1543
=CAT  \\$aR1911-0245$c20191127$lBLL01$h0823
=CAT  \\$aR1911-0245$c20191127$lBLL01$h1045
=CAT  \\$aIPL-CLA$c20191231$lBLL01$h1936
=CAT  \\$aW2111-0842$c20211208$lBLL01$h1942
=CAT  \\$aIPL-CLA$c20211231$lBLL01$h1543
=CAT  \\$a5410$b40$c20230317$lBLL01$h1347
=CAT  \\$a12654$b40$c20231016$lBLL01$h1044
=CFI  0\$aCurrent copyright fee: GBP39.00$c35\0$e01-jan-2022$fGBP39.00$g0$hP$5Uk
=CFI  1\$aPending copyright fee: GBP46.00$c35\0$e01-jan-2024$fGBP46.00$g0$hP$5Uk
=CFI  2\$aPrevious Copyright Fee: GBP32.00$c35\0$e01-jan-2020$fGBP32.00$g0$hP$5Uk
=EST  \\$a1
=FFP  \\$aY$bBLDSS-3PM
=FIN  \\$aY$d20051124
=MNI  \\$a1552-4868
=SID  \\$aZ39$bOCLC
=TCO  \\$aTRS$bCCC$c008
=TOC  \\$aETOC
=UNO  \\$aY
=ACF  \\$aPrevious Copyright Fee: GBP17.00$c35\0$e01-apr-2005$fGBP17.00$g0$hP$5Uk
=ACF  \\$aPrevious copyright fee: GBP22.00$c35\0$e01-jan-2011$fGBP22.00$g0$hP$5Uk
=ACF  \\$aPrevious copyright fee: GBP24.00$c35\0$e01-mar-2015$fGBP24.00$g0$hP$5Uk
=ACF  \\$aPrevious copyright fee: GBP28.00$c35\0$e01-jan-2019$fGBP28.00$g0$hP$5Uk
=LAS  \\$a12654$b40$c20231016$lBLL01$h1044

