=LDR  04351cas a2201021 a 4500
=001  013345396
=003  Uk
=005  20220801153532.0
=006  m\\\\\\\\u\\\\\\\\
=007  cr\|||||||||||
=008  971117d19182021maumr\pss\\\\\0\\\a0eng\d
=FMT  \\$a  SE
=010  \\$asn 97001323
=015  \\$aGBB430834$2bnb
=022  0\$a1096-8644$y0002-9483
=037  \\$aISSN_00029483$bPortico$nWiley
=040  \\$aNSD$cNSD$dOCL$dNSD$dOCLCQ$dGUA$dMUS$dOCLCQ$dMUQ$dUk
=042  \\$ansdp$aukblsr
=050  14$aGN1
=082  04$a599.9$222
=130  0\$aAmerican journal of physical anthropology (Online)
=210  0\$aAm. j. phys. anthropol.$b(Online)
=222  \0$aAmerican journal of physical anthropology$b(Online)
=245  10$aAmerican journal of physical anthropology$h[electronic resource].
=260  \\$a[New York, NY] :$bWiley-Liss
=264  31$aMalden, MA :$bJohn Wiley & Sons Inc,$c-2021.
=310  \\$aMonthly
=336  \\$atext$2rdacontent
=337  \\$acomputer$2rdamedia
=338  \\$aonline resource$2rdacarrier
=362  1\$aPrint began with v. 1, published in 1918.volume 176, issue 4 (December 2021).
=500  \\$aDescription based on: Vol. 102, issue 1 (Jan. 1997); title from contents screen (InterScience, viewed May 25, 2004).
=588  \\$aLatest issue consulted: volume 176, issue 4 (December 2021) (Wiley Online Library, viewed July 29, 2022).
=525  \\$aSupplements accompany some issues.
=538  \\$aMode of access: World Wide Web.
=540  \\$aCurrent Copyright Fee: GBP46.00$c35\0$5Uk
=650  \0$aPhysical anthropology$vPeriodicals.
=650  \2$aAnthropology$vPeriodicals.
=650  \6$aAnthropologie physique$xPériodiques.
=776  08$iPrint version:$tAmerican journal of physical anthropology$x0002-9483
=785  00$tAmerican journal of biological anthropology
=859  \\$aELD$bejournal
=856  \\$31850-9999$uhttp://onlinelibrary.wiley.com/$xBLDSS
=852  41$aBritish Library$bDSC$j0832.000000$3Volume 4:Issue 1(1921)-Volume 155:Issue 4(2014)***See ESTAR for full holdings.
=852  41$aBritish Library$bSTI$jELD Digital store$3Volume 150:Issue 1(2013)-Volume 177:Issue 2(2022)***Previous issues available in print copy
=945  \\$aAmerican journal of physical anthropology
=959  \\$fHeld but not currently received
=CAT  \\$a8141$b40$c20051124$lBLL01$h1447
=CAT  \\$aBATCH-UPD$b40$c20060901$lBLL01$h0959
=CAT  \\$aBATCH-UPD$b40$c20060901$lBLL01$h1030
=CAT  \\$aBATCH-UPD$b40$c20101116$lBLL01$h1334
=CAT  \\$aIPL-CLA$c20101231$lBLL01$h1517
=CAT  \\$aWR12_168$c20121206$lBLL01$h1816
=CAT  \\$a8124$b40$c20140313$lBLL01$h0756
=CAT  \\$a10983$b40$c20140325$lBLL01$h1322
=CAT  \\$a10983$b40$c20140325$lBLL01$h1323
=CAT  \\$aBLDSS-3PM$b00$c20141214$lBLL01$h1523
=CAT  \\$aBATCH-UPD$b00$c20150215$lBLL01$h1656
=CAT  \\$aIPL-CLA$c20150228$lBLL01$h2049
=CAT  \\$aCDS15-UPD$b40$c20150918$lBLL01$h1639
=CAT  \\$aBATCH-UPD$b40$c20160526$lBLL01$h1324
=CAT  \\$aW1711-1005$c20171206$lBLL01$h1817
=CAT  \\$aBATCH-UPD$b00$c20180219$lBLL01$h1747
=CAT  \\$aBATCH-UPD$b00$c20181121$lBLL01$h1622
=CAT  \\$aIPL-CLA$c20181231$lBLL01$h1543
=CAT  \\$a5410$b40$c20190927$lBLL01$h0826
=CAT  \\$aR1911-0245$c20191127$lBLL01$h1015
=CAT  \\$aR1911-0245$c20191127$lBLL01$h1031
=CAT  \\$aR1911-0245$c20191127$lBLL01$h1035
=CAT  \\$aIPL-CLA$c20191231$lBLL01$h1936
=CAT  \\$a12654$b40$c20210114$lBLL01$h1412
=CAT  \\$a11315$b40$c20220729$lBLL01$h1539
=CAT  \\$a8124$b40$c20220801$lBLL01$h1535
=CFI  0\$aCurrent Copyright Fee: GBP46.00$c35\0$e01-jan-2020$fGBP46.00$g0$hP$5Uk
=CFI  2\$aPrevious copyright fee: GBP28.00$c35\0$e01-jan-2019$fGBP28.00$g0$hP$5Uk
=EST  \\$a1
=FFP  \\$aY$bBLDSS-3PM
=FIN  \\$aY$d20051124
=LET  \0$aAmerican Journal of Physical Anthropology (Online)
=MNI  \\$a0002-9483
=SID  \\$aZ39$bOCLC
=TCO  \\$aTRS$bCCC$c008
=TOC  \\$aETOC
=UNO  \\$aY
=ACF  \\$aPrevious Copyright Fee: GBP17.00$c35\0$e01-apr-2005$fGBP17.00$g0$hP$5Uk
=ACF  \\$aPrevious copyright fee: GBP22.00$c35\0$e01-jan-2011$fGBP22.00$g0$hP$5Uk
=ACF  \\$aPrevious copyright fee: GBP24.00$c35\0$e01-mar-2015$fGBP24.00$g0$hP$5Uk
=LAS  \\$a8124$b40$c20220801$lBLL01$h1535

