=LDR  03831cas a2200973 a 4500
=001  013345431
=003  Uk
=005  20230317134841.0
=006  m\\\\\\\\d\\\\\\\\
=007  cr\mn\\\\\\\\\
=008  000522c19989999enkqr1pss\\\\\0\\\a0eng\d
=FMT  \\$a  SE
=010  \\$a2001212268
=015  \\$aGBA600097$2bnb
=022  0\$a1099-1824$y1095-4244
=037  \\$aISSN_10954244$bPortico$nWiley
=040  \\$aOH1$cOH1$dNSD$dEYM$dOCLCQ$dOCL$dUk
=042  \\$ansdp$aukblsr
=050  14$aTJ820$b.W56
=082  04$a621.312136
=130  0\$aWind energy (Chichester, England : Online)
=210  0\$aWind energy$b(Chichester Engl., Online)
=222  \0$aWind energy$b(Chichester, England. Online)
=245  10$aWind energy$h[electronic resource].
=260  \\$a[Chichester, England] :$bJ. Wiley,$cc1998-
=310  \\$aQuarterly
=336  \\$atext$2rdacontent
=337  \\$acomputer$2rdamedia
=338  \\$aonline resource$2rdacarrier
=362  0\$aVol. 1, issue 1 (Sept. 1998)-
=500  \\$aLatest issue consulted: Vol. 3, issue 2 (Apr./June 2001).
=530  \\$aAlso issued in print.
=538  \\$aMode of access: World Wide Web.
=540  \\$aCurrent Copyright Fee: zero$c35\0$5Uk
=650  \0$aWind power$vPeriodicals.
=776  1\$tWind energy (Chichester, England)$x1095-4244
=859  \\$aELD$bejournal
=856  \\$31850-9999$uhttp://onlinelibrary.wiley.com/$xBLDSS
=852  41$aBritish Library$bSTI$jELD Digital store$3Volume 16:Number 1(2013:Jan.)-***Previous issues available in print copy
=852  41$aBritish Library$bDSC$j9319.175010$3Volume 9:Issue 1/2(2006)-Volume 21:Issue 4(2018)***See ESTAR for full holdings.
=945  \\$aWIND ENERGY -CHICHESTER-.
=959  \\$fHeld but not currently received
=979  \\$aBritish Library$bDSC$j9319.175010
=CAT  \\$a7332$b40$c20051124$lBLL01$h1514
=CAT  \\$aWR12_168$c20121206$lBLL01$h1816
=CAT  \\$aWR13.005$c20130323$lBLL01$h1330
=CAT  \\$aWR13.114$c20130717$lBLL01$h1313
=CAT  \\$aBATCH-PORT$c20130829$lBLL01$h1114
=CAT  \\$aWR14_009$c20140204$lBLL01$h2342
=CAT  \\$aWR14_140$c20140905$lBLL01$h1810
=CAT  \\$aBLDSS-3PM$b00$c20141214$lBLL01$h1523
=CAT  \\$aBATCH-UPD$b00$c20150215$lBLL01$h1657
=CAT  \\$aIPL-CLA$c20150228$lBLL01$h2049
=CAT  \\$aBATCH-UPD$b00$c20160519$lBLL01$h1832
=CAT  \\$aW1711-1005$c20171206$lBLL01$h1817
=CAT  \\$aBATCH-UPD$b00$c20180219$lBLL01$h1747
=CAT  \\$a5410$b40$c20180221$lBLL01$h0956
=CAT  \\$aW1805-0471$c20180520$lBLL01$h1139
=CAT  \\$aBATCH-UPD$b00$c20181121$lBLL01$h1622
=CAT  \\$aIPL-CLA$c20181231$lBLL01$h1543
=CAT  \\$aR1911-0245$c20191127$lBLL01$h1015
=CAT  \\$aR1911-0245$c20191127$lBLL01$h1031
=CAT  \\$aR1911-0245$c20191127$lBLL01$h1035
=CAT  \\$a5410$b40$c20191213$lBLL01$h0835
=CAT  \\$aIPL-CLA$c20191231$lBLL01$h1936
=CAT  \\$a12654$b40$c20211025$lBLL01$h0958
=CAT  \\$a12654$b40$c20211026$lBLL01$h1040
=CAT  \\$aIPL-CLA$c20211231$lBLL01$h1543
=CAT  \\$a5410$b40$c20230317$lBLL01$h1348
=CFI  0\$aCurrent Copyright Fee: zero$c35\0$e01-jan-2022$fGBP0.00$g0$hP$5Uk
=CFI  2\$aPrevious Copyright Fee: GBP46.00$c35\0$e01-jan-2020$fGBP46.00$g0$hP$5Uk
=EST  \\$a1
=FFP  \\$aY$bBLDSS-3PM
=FIN  \\$aY$d20051124
=MNI  \\$a1095-4244
=SID  \\$aZ39$bOCLC
=TCO  \\$aCLA$bCLA$c008
=TOC  \\$aETOC
=UNO  \\$aY
=ACF  \\$aPrevious Copyright Fee: GBP17.00$c35\0$e01-apr-2005$fGBP17.00$g0$hP$5Uk
=ACF  \\$aPrevious copyright fee: GBP22.00$c35\0$e01-jan-2011$fGBP22.00$g0$hP$5Uk
=ACF  \\$aPrevious copyright fee: GBP24.00$c35\0$e01-mar-2015$fGBP24.00$g0$hP$5Uk
=ACF  \\$aPrevious copyright fee: GBP28.00$c35\0$e01-jan-2019$fGBP28.00$g0$hP$5Uk
=LAS  \\$a5410$b40$c20230317$lBLL01$h1348

