=LDR  04188cas a2201033 a 4500
=001  013345469
=003  Uk
=005  20211231154320.0
=006  m\\\\\\\\d\\\\\\\\
=007  cr\|||||||||||
=008  990628c19879999nyubr1pss\\\\\0\\\a0eng\d
=FMT  \\$a  SE
=010  \\$a2001212306
=015  \\$aGBB350410$2bnb
=022  0\$a1099-128X$y0886-9383
=037  \\$aISSN_08869383$bPortico$nWiley
=040  \\$aDLM$cDLM$dNSD$dEYM$dTJC$dOCLCQ$dUk
=042  \\$ansdp$aukblsr
=050  14$aQD39.3.M3$bJ68
=082  04$a542.85$222
=130  0\$aJournal of chemometrics (Online)
=210  0\$aJ. chemom.$b(Online)
=222  \0$aJournal of chemometrics$b(Online)
=245  10$aJournal of chemometrics$h[electronic resource].
=260  \\$aNew York :$bWiley
=310  \\$aBimonthly
=336  \\$atext$2rdacontent
=337  \\$acomputer$2rdamedia
=338  \\$aonline resource$2rdacarrier
=362  1\$aPrint began with vol. 1, no. 1 (Jan. 1987).
=500  \\$aDescription based on: Vol. 11, issue 1 (Jan. 1997); title from contents screen (viewed Jan. 25, 2001).
=500  \\$aLatest issue consulted: Vol. 15, issue 5 (June 2001).
=515  \\$aSome issues combined.
=530  \\$aAlso issued in print.
=538  \\$aMode of access: World Wide Web.
=540  \\$aCurrent copyright fee: GBP46.00$c35\0$5Uk
=650  \0$aChemistry$xMathematics$vPeriodicals.
=650  \0$aChemistry$xStatistical methods$vPeriodicals.
=710  2\$aWiley InterScience (Online service)
=776  1\$tJournal of chemometrics$x0886-9383
=859  \\$aELD$bejournal
=856  \\$31850-9999$uhttp://onlinelibrary.wiley.com/$xBLDSS
=852  41$aBritish Library$bHMNTS$jELD Digital store$3Volume 27:Number 3/4(2013:Apr.)-***previous issues available in print copy
=852  41$aBritish Library$bDSC$j4957.380000$3Volume 19:Issue 5/7(2005)-Volume 25:Issue 12(2011)***See ESTAR for full holdings.
=945  \\$aJOURNAL OF CHEMOMETRICS
=959  \\$fHeld but not currently received
=CAT  \\$a7332$b40$c20051124$lBLL01$h1535
=CAT  \\$aBATCH-UPD$b40$c20060901$lBLL01$h0959
=CAT  \\$aBATCH-UPD$b40$c20060901$lBLL01$h1030
=CAT  \\$aBATCH-UPD$b40$c20101116$lBLL01$h1334
=CAT  \\$aIPL-CLA$c20101231$lBLL01$h1517
=CAT  \\$aCDS12-UPD$b40$c20120402$lBLL01$h1434
=CAT  \\$aWR12_168$c20121206$lBLL01$h1816
=CAT  \\$a8483$b40$c20130522$lBLL01$h1008
=CAT  \\$aBATCH-CLA$b00$c20130526$lBLL01$h1618
=CAT  \\$aWR13.114$c20130717$lBLL01$h1313
=CAT  \\$aBATCH-PORT$c20130829$lBLL01$h1114
=CAT  \\$aWR14_009$c20140204$lBLL01$h2343
=CAT  \\$aBLDSS-3PM$b00$c20141214$lBLL01$h1523
=CAT  \\$aBATCH-UPD$b00$c20150215$lBLL01$h1657
=CAT  \\$aIPL-CLA$c20150228$lBLL01$h2049
=CAT  \\$aBATCH-UPD$b00$c20160526$lBLL01$h1433
=CAT  \\$aW1711-1005$c20171206$lBLL01$h1817
=CAT  \\$aBATCH-UPD$b00$c20180219$lBLL01$h1747
=CAT  \\$aBATCH-UPD$b00$c20181121$lBLL01$h1622
=CAT  \\$aIPL-CLA$c20181231$lBLL01$h1543
=CAT  \\$aR1911-0245$c20191127$lBLL01$h0944
=CAT  \\$aR1911-0245$c20191127$lBLL01$h1045
=CAT  \\$aIPL-CLA$c20191231$lBLL01$h1936
=CAT  \\$aW2111-0842$c20211209$lBLL01$h1035
=CAT  \\$aIPL-CLA$c20211231$lBLL01$h1543
=CFI  0\$aCurrent copyright fee: GBP46.00$c35\0$e01-jan-2022$fGBP46.00$g0$hP$5Uk
=CFI  2\$aPrevious Copyright Fee: GBP39.00$c35\0$e01-jan-2020$fGBP39.00$g0$hP$5Uk
=EST  \\$a1
=FFP  \\$aY$bBLDSS-3PM
=FIN  \\$aY$d20051124
=LET  \0$aJournal of chemometrics (Electronic)
=LKR  \\$aPAR$b010488511$lBLL01$r776$mJournal of chemometrics (Online)$nJournal of chemometrics
=MNI  \\$a0886-9383
=SID  \\$aZ39$bOCLC
=TCO  \\$aTRS$bCCC$c008
=TCO  \\$aCLA$bCLA$c008
=TOC  \\$aETOC
=UNO  \\$aY
=ACF  \\$aPrevious Copyright Fee: GBP17.00$c35\0$e01-apr-2005$fGBP17.00$g0$hP$5Uk
=ACF  \\$aPrevious copyright fee: GBP22.00$c35\0$e01-jan-2011$fGBP22.00$g0$hP$5Uk
=ACF  \\$aPrevious copyright fee: GBP24.00$c35\0$e01-mar-2015$fGBP24.00$g0$hP$5Uk
=ACF  \\$aPrevious copyright fee: GBP28.00$c35\0$e01-jan-2019$fGBP28.00$g0$hP$5Uk
=LAS  \\$aIPL-CLA$b00$c20211231$lBLL01$h1543

