=LDR  04273cas a2201033 a 4500
=001  013345484
=003  Uk
=005  20230317140309.0
=006  m\\\\\\\\d\\\\\\\\
=007  cr\mn|||||||||
=008  000501c19919999nyubr1pss\\\\\0\\\a0eng\d
=FMT  \\$a  SE
=010  \\$a2001212305
=015  \\$aGBB349180$2bnb
=022  0\$a1099-1298
=037  \\$aISSN_10529284$bPortico$nWiley
=040  \\$aUIU$cUIU$dNSD$dTJC$dOCLCQ$dMYG$dOCLCQ$dOCL$dUk
=042  \\$ansdp$aukblsr
=082  00$a302$222
=130  0\$aJournal of community & applied social psychology (Online)
=210  0\$aJ. community appl. soc. psychol.$b(Online)
=222  \0$aJournal of community & applied social psychology$b(Online)
=245  10$aJournal of community & applied social psychology$h[electronic resource].
=246  3\$aJournal of community and applied social psychology
=260  \\$aNew York :$bJohn Wiley
=310  \\$aBimonthly,$b1998-
=321  \\$aFive issues yearly,$b-1997
=336  \\$atext$2rdacontent
=337  \\$acomputer$2rdamedia
=338  \\$aonline resource$2rdacarrier
=362  1\$aPrint began with vol. 1, no. 1 (Apr. 1991).
=500  \\$aDescription based on: Vol. 7, issue 1 (Feb. 1997); title from table of contents screen (viewed Apr. 30, 2000).
=530  \\$aAlso issued in print.
=538  \\$aMode of access: World Wide Web.
=540  \\$aCurrent copyright fee: GBP39.00$c35\0$5Uk
=650  \0$aSocial psychology$vPeriodicals.
=650  \0$aCommunity psychology$vPeriodicals.
=650  \0$aInterpersonal relations$vPeriodicals.
=690  7\$aSocial Welfare$2blcoll
=776  1\$tJournal of community & applied social psychology$x1052-9284
=859  \\$aELD$bejournal
=856  \\$31850-9999$uhttp://onlinelibrary.wiley.com/$xBLDSS
=852  41$aBritish Library$bHMNTS$jELD Digital store$3Volume 23:Number 1(2013)-***Previous issues available in print copy
=852  41$aBritish Library$bDSC$j4961.693000$3Volume 16:Issue 1(2006)-Volume 28:Issue 2(2018)***See ESTAR for full holdings.
=945  \\$aJOURNAL OF COMMUNITY AND APPLIED SOCIAL PSYCHOLOGY
=959  \\$fHeld but not currently received
=979  \\$aBritish Library$bDSC$j4961.693000
=CAT  \\$a7332$b40$c20051124$lBLL01$h1546
=CAT  \\$aBATCH-UPD$b40$c20101116$lBLL01$h1334
=CAT  \\$aIPL-CLA$c20101231$lBLL01$h1517
=CAT  \\$aBATCH$b00$c20110625$lBLL01$h0517
=CAT  \\$aBATCH-SWP4$c20110627$lBLL01$h1559
=CAT  \\$aWR12_168$c20121206$lBLL01$h1816
=CAT  \\$a8201$b40$c20130520$lBLL01$h1601
=CAT  \\$aBATCH-CLA$b00$c20130526$lBLL01$h1647
=CAT  \\$aWR13.114$c20130717$lBLL01$h1313
=CAT  \\$aBATCH-PORT$c20130829$lBLL01$h1114
=CAT  \\$aWR14_009$c20140204$lBLL01$h2342
=CAT  \\$aBLDSS-3PM$b00$c20141214$lBLL01$h1523
=CAT  \\$aBATCH-UPD$b00$c20150215$lBLL01$h1657
=CAT  \\$aIPL-CLA$c20150228$lBLL01$h2049
=CAT  \\$aBATCH-UPD$b00$c20160607$lBLL01$h1550
=CAT  \\$aW1711-1005$c20171206$lBLL01$h1817
=CAT  \\$aBATCH-UPD$b00$c20180219$lBLL01$h1747
=CAT  \\$aW1805-0471$c20180520$lBLL01$h1139
=CAT  \\$aBATCH-UPD$b00$c20181121$lBLL01$h1622
=CAT  \\$aIPL-CLA$c20181231$lBLL01$h1543
=CAT  \\$aR1911-0245$c20191127$lBLL01$h0823
=CAT  \\$aR1911-0245$c20191127$lBLL01$h1045
=CAT  \\$aIPL-CLA$c20191231$lBLL01$h1936
=CAT  \\$aW2111-0842$c20211208$lBLL01$h1942
=CAT  \\$aIPL-CLA$c20211231$lBLL01$h1543
=CAT  \\$a5410$b40$c20230317$lBLL01$h1403
=CFI  0\$aCurrent copyright fee: GBP39.00$c35\0$e01-jan-2022$fGBP39.00$g0$hP$5Uk
=CFI  2\$aPrevious Copyright Fee: GBP32.00$c35\0$e01-jan-2020$fGBP32.00$g0$hP$5Uk
=EST  \\$a1
=FFP  \\$aY$bBLDSS-3PM
=FIN  \\$aY$d20051124
=MNI  \\$a1052-9284
=SID  \\$aZ39$bOCLC
=TCO  \\$aTRS$bCCC$c008
=TCO  \\$aCLA$bCLA$c008
=TOC  \\$aETOC
=UNO  \\$aY
=ACF  \\$aPrevious Copyright Fee: GBP17.00$c35\0$e01-apr-2005$fGBP17.00$g0$hP$5Uk
=ACF  \\$aPrevious copyright fee: GBP22.00$c35\0$e01-jan-2011$fGBP22.00$g0$hP$5Uk
=ACF  \\$aPrevious copyright fee: GBP24.00$c35\0$e01-mar-2015$fGBP24.00$g0$hP$5Uk
=ACF  \\$aPrevious copyright fee: GBP28.00$c35\0$e01-jan-2019$fGBP28.00$g0$hP$5Uk
=LAS  \\$a5410$b40$c20230317$lBLL01$h1403

