=LDR  04748 as a2201069 a 4500
=001  013345529
=003  Uk
=005  20191231193642.0
=006  m\\\\\\\\d\\\\\\\\
=007  cr\mnu||||||||
=008  000307d19582013nyumr\pso\\\\\0\\\a0eng\d
=FMT  \\$a  SE
=010  \\$a00214309
=022  \\$a1529-0131
=037  \\$aISSN_00043591$bPortico$nWiley
=040  \\$aNSD$cNSD$dOCLCQ$dSBH$dOCLCQ$dGUA$dTMC$dOCLCQ$dMUQ$dCLU$dUk$dUk
=042  \\$aukblsr
=050  14$aRC927.A1
=082  04$a616.72$222
=130  0\$aArthritis and rheumatism (Online)
=222  \0$aArthritis and rheumatism$b(Online)
=245  10$aArthritis and rheumatism$h[electronic resource].
=246  1\$iSome providers have contents screen title:$aArthritis & rheumatism
=260  \\$a[New York, NY] :$bJohn Wiley & Sons,$c-2013.
=310  \\$aMonthly
=336  \\$atext$2rdacontent
=337  \\$acomputer$2rdamedia
=338  \\$aonline resource$2rdacarrier
=362  0\$a-volume 65, issue 12 (December 2013).
=362  1\$aPrint began with v. 1, no. 1 (Feb. 1958).
=500  \\$aDescription based on: Vol. 42, issue 1 (Jan. 1999) (InterScience, viewed May 28, 2004); title from print version record.
=500  \\$aLatest issue consulted: Vol. 50, issue 5 (May 2004) (viewed May 28, 2004).
=525  \\$aSupplements accompany some issues.
=538  \\$aMode of access: World Wide Web.
=580  \\$aBeginning with 2001, shares volume numbering with a separately published section: Arthritis care and research (Online) (formerly a separate publication); e.g., for 2001, v. 44 represents the main title (published monthly Jan.-Dec.) and v. 45 represents the section Arthritis care and research (published bimonthly Feb.-Dec.).
=540  \\$aCurrent Copyright Fee: GBP46.00$c35\0$5Uk
=650  \0$aArthritis$vPeriodicals.
=650  \0$aRheumatism$vPeriodicals.
=650  \2$aArthritis$vPeriodicals.
=650  \2$aRheumatic Diseases$vPeriodicals.
=650  \6$aRhumatisme$vPériodiques.
=650  \6$aArthrite$vPériodiques.
=740  0\$aArthritis care and research.
=776  08$iPrint version:$tArthritis and rheumatism (New York, N.Y.)$x0004-3591
=780  15$tArthritis care and research (Online)$x1529-0123
=785  11$tArthritis care & research (2010 : Online)$x2151-4658
=785  00$tArthritis and rheumatology$x2326-5205
=859  \\$aELD$bejournal
=856  \\$31850-9999$uhttp://onlinelibrary.wiley.com/$xBLDSS
=852  41$aBritish Library$bHMNTS$jELD Digital store$3Volume 65:Issue 1(2013:Jan.)-Volume 65:Issue 12(2013:Dec.)***Previous issues available in print copy
=852  41$aBritish Library$bDSC$j1733.800000$3Volume 35:Issue 11(1992)-Volume 65:Issue 12(2013)***See ESTAR for full holdings.
=945  \\$aARTHRITIS AND RHEUMATISM -ATLANTA-
=959  \\$fHeld but not currently received
=985  \\$aCONFERENCE ANALYTIC RECORDS EXIST
=CAT  \\$a8141$b40$c20051124$lBLL01$h1617
=CAT  \\$aBATCH-UPD$b40$c20060901$lBLL01$h0959
=CAT  \\$aBATCH-UPD$b40$c20060901$lBLL01$h1030
=CAT  \\$aBATCH-UPD$b40$c20101116$lBLL01$h1334
=CAT  \\$aIPL-CLA$c20101231$lBLL01$h1517
=CAT  \\$a6162$b40$c20121130$lBLL01$h0844
=CAT  \\$aWR13.005$c20130323$lBLL01$h1330
=CAT  \\$a11316$b40$c20130426$lBLL01$h0859
=CAT  \\$a11316$b40$c20130426$lBLL01$h0901
=CAT  \\$a12654$b40$c20131015$lBLL01$h0937
=CAT  \\$a8124$b40$c20140218$lBLL01$h1247
=CAT  \\$a8411$b40$c20140324$lBLL01$h1203
=CAT  \\$a8323$b40$c20140414$lBLL01$h1533
=CAT  \\$a10983$b40$c20140514$lBLL01$h0938
=CAT  \\$aBLDSS-3PM$b00$c20141214$lBLL01$h1523
=CAT  \\$aBATCH-UPD$b00$c20150215$lBLL01$h1657
=CAT  \\$aIPL-CLA$c20150228$lBLL01$h2049
=CAT  \\$aBATCH-UPD$b00$c20170103$lBLL01$h1141
=CAT  \\$aW1711-1005$c20171206$lBLL01$h1817
=CAT  \\$aBATCH-UPD$b00$c20180219$lBLL01$h1747
=CAT  \\$aBATCH-UPD$b00$c20181121$lBLL01$h1622
=CAT  \\$aIPL-CLA$c20181231$lBLL01$h1543
=CAT  \\$a5552$b40$c20191204$lBLL01$h1433
=CAT  \\$aIPL-CLA$c20191231$lBLL01$h1936
=CFI  0\$aCurrent Copyright Fee: GBP46.00$c35\0$e01-jan-2020$fGBP46.00$g0$hP$5Uk
=CFI  2\$aPrevious copyright fee: GBP28.00$c35\0$e01-jan-2019$fGBP28.00$g0$hP$5Uk
=EST  \\$a1
=FFP  \\$aY$bBLDSS-3PM
=FIN  \\$aY$d20051124
=MNI  \\$a0004-3591
=SID  \\$aZ39$bOCLC
=TCO  \\$aTRS$bCCC$c008
=TOC  \\$aETOC
=UNO  \\$aY
=ACF  \\$aPrevious Copyright Fee: GBP17.00$c35\0$e01-apr-2005$fGBP17.00$g0$hP$5Uk
=ACF  \\$aPrevious copyright fee: GBP22.00$c35\0$e01-jan-2011$fGBP22.00$g0$hP$5Uk
=ACF  \\$aPrevious copyright fee: GBP24.00$c35\0$e01-mar-2015$fGBP24.00$g0$hP$5Uk
=LAS  \\$aIPL-CLA$b00$c20191231$lBLL01$h1936

