=LDR  03864cas a2200961 a 4500
=001  013345550
=003  Uk
=005  20191231193642.0
=006  m\\\\\\\\d\\\\\\\\
=007  cr\cnu\\\\\\\\
=008  990729c19829999enkbx1pss\\\\\0\\\a0eng\d
=FMT  \\$a  SE
=010  \\$a00238033
=015  \\$aGBA600127$2bnb
=022  0\$a1099-131X
=037  \\$aISSN_02776693$bPortico$nWiley
=040  \\$aCSL$cCSL$dIUL$dNSD$dOCLCQ$dOCL$dUk
=042  \\$ansdp$aukblsr
=050  14$aH61.4$b.J68
=082  04$a003.2$222
=130  0\$aJournal of forecasting (Online)
=210  0\$aJ. forecast.$b(Online)
=222  \0$aJournal of forecasting$b(Online)
=245  10$aJournal of forecasting$h[electronic resource].
=260  \\$aBognor Regis, West Sussex, England :$bJohn Wiley & Sons
=310  \\$aSeven no. a year
=336  \\$atext$2rdacontent
=337  \\$acomputer$2rdamedia
=338  \\$aonline resource$2rdacarrier
=362  1\$aPrint began with vol. 1, no. 1 (Jan.-Mar. 1982).
=500  \\$aDescription based on: Vol. 16, issue 1 (Jan. 1997); title from title screen (viewed July 29, 1999).
=500  \\$aLatest issue consulted: Vol. 19, issue 1 (Jan. 2000).
=520  \\$aContains full text of articles, 1997- ; abstracts only, 1996.
=530  \\$aAlso issued in print.
=538  \\$aMode of access: World Wide Web.
=540  \\$aCurrent Copyright Fee: GBP32.00$c35\0$5Uk
=650  \0$aForecasting$vPeriodicals.
=650  \0$aForecasting$xMathematical models$vPeriodicals.
=710  2\$aWiley InterScience (Online service)
=776  1\$tJournal of forecasting$x0277-6693
=859  \\$aELD$bejournal
=856  \\$31850-9999$uhttp://onlinelibrary.wiley.com/$xBLDSS
=852  41$aBritish Library$bSTI$jELD Digital store$3Volume 32:Number 1(2013:Jan.)-***Previous issues available in print copy
=852  41$aBritish Library$bDSC$j4984.577000$3Volume 25:Issue 1(2006)-Volume 30:Issue 8(2011)***See ESTAR for full holdings.
=945  \\$aJOURNAL OF FORECASTING
=959  \\$fHeld but not currently received
=CAT  \\$a7332$b40$c20051124$lBLL01$h1643
=CAT  \\$aBATCH-UPD$b40$c20060901$lBLL01$h0959
=CAT  \\$aBATCH-UPD$b40$c20060901$lBLL01$h1030
=CAT  \\$aBATCH-UPD$b40$c20101116$lBLL01$h1334
=CAT  \\$aIPL-CLA$c20101231$lBLL01$h1517
=CAT  \\$aCDS12-UPD$b40$c20120402$lBLL01$h1434
=CAT  \\$aWR12_168$c20121206$lBLL01$h1816
=CAT  \\$aWR13.005$c20130323$lBLL01$h1330
=CAT  \\$aWR13.114$c20130717$lBLL01$h1313
=CAT  \\$aBATCH-PORT$c20130829$lBLL01$h1114
=CAT  \\$aWR14_009$c20140204$lBLL01$h2341
=CAT  \\$aWR14_140$c20140905$lBLL01$h1810
=CAT  \\$aBLDSS-3PM$b00$c20141214$lBLL01$h1523
=CAT  \\$aBATCH-UPD$b00$c20150215$lBLL01$h1657
=CAT  \\$aIPL-CLA$c20150228$lBLL01$h2049
=CAT  \\$aBATCH-UPD$b00$c20160530$lBLL01$h0002
=CAT  \\$aW1711-1005$c20171206$lBLL01$h1817
=CAT  \\$aBATCH-UPD$b00$c20180219$lBLL01$h1747
=CAT  \\$aBATCH-UPD$b00$c20181121$lBLL01$h1622
=CAT  \\$aIPL-CLA$c20181231$lBLL01$h1543
=CAT  \\$aR1911-0245$c20191127$lBLL01$h0823
=CAT  \\$aR1911-0245$c20191127$lBLL01$h1045
=CAT  \\$aIPL-CLA$c20191231$lBLL01$h1936
=CFI  0\$aCurrent Copyright Fee: GBP32.00$c35\0$e01-jan-2020$fGBP32.00$g0$hP$5Uk
=CFI  2\$aPrevious copyright fee: GBP28.00$c35\0$e01-jan-2019$fGBP28.00$g0$hP$5Uk
=EST  \\$a1
=FFP  \\$aY$bBLDSS-3PM
=FIN  \\$aY$d20051124
=MNI  \\$a0277-6693
=SID  \\$aZ39$bOCLC
=TCO  \\$aCLA$bCLA$c008
=TOC  \\$aETOC
=UNO  \\$aY
=ACF  \\$aPrevious Copyright Fee: GBP17.00$c35\0$e01-apr-2005$fGBP17.00$g0$hP$5Uk
=ACF  \\$aPrevious copyright fee: GBP22.00$c35\0$e01-jan-2011$fGBP22.00$g0$hP$5Uk
=ACF  \\$aPrevious copyright fee: GBP24.00$c35\0$e01-mar-2015$fGBP24.00$g0$hP$5Uk
=LAS  \\$aIPL-CLA$b00$c20191231$lBLL01$h1936

