=LDR  05057cas a2201141 a 4500
=001  013345562
=003  Uk
=005  20191231193643.0
=006  m\\\\\\\\d\\\\\\\\
=007  cr|cnu||||||||
=008  000127c19899999nyubx1pss\\\\\0\\\a0eng\d
=FMT  \\$a  SE
=010  \\$a00238035
=015  \\$aGBB349376$2bnb
=022  0\$a1099-1328$y0954-1748
=037  \\$aISSN_09541748$bPortico$nWiley
=040  \\$aIUL$beng$cIUL$dNSD$dTJC$dEYM$dOCLCQ$dWAU$dOCLCQ$dEYM$dOCLCQ$dOCL$dUk
=042  \\$ansdp$aukblsr
=043  \\$ad------
=050  14$aHC59.72.E44$bJ68
=082  04$a330.91724$222
=130  0\$aJournal of international development (Online)
=210  0\$aJ. int. dev.$b(Online)
=222  \0$aJournal of international development$b(Online)
=245  10$aJournal of international development$h[electronic resource].
=260  \\$aNew York :$bWiley
=310  \\$a8 no. a year,$b2000-
=321  \\$aBimonthly, plus one additional issue,$b1997-1999
=336  \\$atext$2rdacontent
=337  \\$acomputer$2rdamedia
=338  \\$aonline resource$2rdacarrier
=362  1\$aPrint began with vol. 1, no. 1 (Jan. 1989).
=500  \\$aHas occasional thematic special issues.
=516  \\$aPDF format
=538  \\$aMode of access: World Wide Web.
=500  \\$aAbstracts and full-text (PDF only), 1997- ; abstracts only, 1996.
=500  \\$aDescription based on: Vol. 9, issue 1 (Jan. 1997); title from journal home page (Wiley, viewed Jan. 27, 2000).
=500  \\$aLatest issue consulted: Vol. 15, issue 1 (Jan. 2003).
=530  \\$aAlso issued in print.
=550  \\$aIssued by: Institute for Development Policy and Management, and International Development Centre at the University of Manchester, <Jan. 1997->; Development Studies Association, <Jan. 2003->
=540  \\$aCurrent Copyright Fee: GBP32.00$c35\0$5Uk
=650  \0$aEconomic development projects$zDeveloping countries$vPeriodicals.
=651  \0$aDeveloping countries$xEconomic policy$vPeriodicals.
=651  \0$aDeveloping countries$xForeign economic relations$vPeriodicals.
=650  \0$aEconomic development$vPeriodicals.
=690  7\$aManagement and Business Studies$2blcoll
=710  2\$aUniversity of Manchester.$bInstitute for Development Policy and Management.
=710  2\$aInternational Development Centre (University of Manchester)
=710  2\$aDevelopment Studies Association.
=710  2\$aWiley InterScience (Online service)
=776  1\$tJournal of international development$x0954-1748
=859  \\$aELD$bejournal
=856  \\$31850-9999$uhttp://onlinelibrary.wiley.com/$xBLDSS
=852  41$aBritish Library$bHMNTS$jELD Digital store$3Volume 25:Number 1(2013:Jan.)-***Previous issues available in print copy
=852  41$aBritish Library$bDSC$j5007.635000$3Volume 18:Issue 1(2006)-Volume 26:Issue 8(2014)***See ESTAR for full holdings.
=945  \\$aJournal of international development
=959  \\$fHeld but not currently received
=CAT  \\$a7332$b40$c20051124$lBLL01$h1709
=CAT  \\$a9081$b40$c20080724$lBLL01$h1019
=CAT  \\$aBATCH$b00$c20090624$lBLL01$h1707
=CAT  \\$aBATCH-UPD$b00$c20101116$lBLL01$h1334
=CAT  \\$aIPL-CLA$c20101231$lBLL01$h1517
=CAT  \\$aWR12_168$c20121206$lBLL01$h1816
=CAT  \\$aWR13.005$c20130323$lBLL01$h1330
=CAT  \\$a8201$b40$c20130521$lBLL01$h0943
=CAT  \\$aWR13.114$c20130717$lBLL01$h1313
=CAT  \\$aBATCH-PORT$c20130829$lBLL01$h1114
=CAT  \\$aBATCH-CLA$b00$c20140125$lBLL01$h1307
=CAT  \\$aWR14_009$c20140204$lBLL01$h2342
=CAT  \\$aBATCH-CLA$c20140225$lBLL01$h2325
=CAT  \\$aBLDSS-3PM$b00$c20141214$lBLL01$h1523
=CAT  \\$aBATCH-UPD$b00$c20150215$lBLL01$h1657
=CAT  \\$aIPL-CLA$c20150228$lBLL01$h2049
=CAT  \\$aBATCH-UPD$b00$c20150423$lBLL01$h2142
=CAT  \\$aCDS15-UPD$b40$c20150918$lBLL01$h1639
=CAT  \\$aBATCH-UPD$b40$c20160526$lBLL01$h1806
=CAT  \\$aW1711-1005$c20171206$lBLL01$h1817
=CAT  \\$aBATCH-UPD$b00$c20180219$lBLL01$h1747
=CAT  \\$aBATCH-UPD$b00$c20181121$lBLL01$h1622
=CAT  \\$aIPL-CLA$c20181231$lBLL01$h1543
=CAT  \\$aR1911-0245$c20191127$lBLL01$h0823
=CAT  \\$aR1911-0245$c20191127$lBLL01$h1045
=CAT  \\$aIPL-CLA$c20191231$lBLL01$h1936
=CFI  0\$aCurrent Copyright Fee: GBP32.00$c35\0$e01-jan-2020$fGBP32.00$g0$hP$5Uk
=CFI  2\$aPrevious copyright fee: GBP28.00$c35\0$e01-jan-2019$fGBP28.00$g0$hP$5Uk
=EST  \\$a1
=FFP  \\$aY$bBLDSS-3PM
=FIN  \\$aY$d20051124
=LKR  \\$aPAR$b010490290$lBLL01$r776$mJournal of international development$nJournal of international development
=MNI  \\$a0954-1748
=SID  \\$aZ39$bOCLC
=TCO  \\$aTRS$bCCC$c008
=TOC  \\$aETOC
=UNO  \\$aY
=ACF  \\$aPrevious Copyright Fee: GBP17.00$c35\0$e01-apr-2005$fGBP17.00$g0$hP$5Uk
=ACF  \\$aPrevious copyright fee: GBP22.00$c35\0$e01-jan-2011$fGBP22.00$g0$hP$5Uk
=ACF  \\$aPrevious copyright fee: GBP24.00$c35\0$e01-mar-2015$fGBP24.00$g0$hP$5Uk
=LAS  \\$aIPL-CLA$b00$c20191231$lBLL01$h1936

