=LDR  04396aas a2200985 a 4500
=001  013345618
=003  Uk
=005  20201210154359.0
=006  m\\\\\\\\d\\\\\\\\
=007  cr\cnu||||||||
=008  980428d19862019nyusr\pss\\\\\0\\\a0eng\d
=FMT  \\$a  SE
=010  \\$asn 98007464 
=022  0\$a1099-0488$y0887-6266$z1096-990X
=037  \\$aISSN_08876266$bPortico$nWiley
=040  \\$aNSD$cNSD$dOCLCQ$dNSD$dOCL$dNSD$dUk
=042  \\$ansdp$aukblsr
=082  10$a547$222
=130  0\$aJournal of polymer science. Part B, Polymer physics (Online)
=210  0\$aJ. polym. sci., Part B, Polym. phys.$b(Online)
=222  \0$aJournal of polymer science. Part B, Polymer physics$b(Online)
=245  10$aJournal of polymer science.$nPart B,$pPolymer physics$h[electronic resource].
=246  30$aPolymer physics
=260  \\$a[New York, N.Y.] :$bWiley,$c[1986]-2019.
=310  \\$aSemimonthly
=321  \\$aMonthly
=336  \\$atext$2rdacontent
=337  \\$acomputer$2rdamedia
=338  \\$aonline resource$2rdacarrier
=362  0\$aVol. 24, issue 1 (Jan. 1986)-vol. 53, no. 23 (2019).
=500  \\$aTitle from table of contents page (publisher's website viewed May 10, 2005).
=530  \\$aAlso issued in print.
=538  \\$aMode of access: World Wide Web.
=580  \\$aMerged with: Journal of polymer science. Part A, Polymer chemistry, to form: Journal of ploymer science.
=588  \\$aLatest issue consulted: volume 53, number 23 (1 December 2019), (Wiley Online Library, viewed August 25, 2020).
=540  \\$aCurrent Copyright Fee: GBP39.00$c35\0$5Uk
=776  1\$tJournal of polymer science. Part B, Polymer physics$x0887-6266
=785  17$tJournal of polymer science. Part A, Polymer chemistry (Online)$x1099-0518
=785  17$tJournal of Polymer Science (2020)$x2642-4169
=859  \\$aELD$bejournal
=856  \\$31850-9999$uhttp://onlinelibrary.wiley.com/$xBLDSS
=852  41$aBritish Library$bHMNTS$jELD Digital store$3Volume 51:Issue 1(2013:Jan. 01)-Volume 57:Issue 22(2019)***Previous issues available in print copy
=852  \\$aBritish Library$bDSC$j5041.005000$3Volume 44:Issue 1(2006)-Volume 52:Issue 24(2014)***See ESTAR for full holdings.
=945  \\$aJOURNAL OF POLYMER SCIENCE PART B POLYMER PHYSICS.
=959  \\$fHeld but not currently received
=CAT  \\$a11281$b40$c20051125$lBLL01$h0906
=CAT  \\$a11281$b40$c20051125$lBLL01$h0908
=CAT  \\$a5552$b40$c20081013$lBLL01$h1348
=CAT  \\$a5552$b40$c20081013$lBLL01$h1350
=CAT  \\$aBATCH-UPD$b40$c20101116$lBLL01$h1334
=CAT  \\$aIPL-CLA$c20101231$lBLL01$h1517
=CAT  \\$aWR12_168$c20121206$lBLL01$h1816
=CAT  \\$aWR13.005$c20130323$lBLL01$h1330
=CAT  \\$a10983$b40$c20140416$lBLL01$h1345
=CAT  \\$aBLDSS-3PM$b00$c20141214$lBLL01$h1523
=CAT  \\$aBATCH-UPD$b00$c20150215$lBLL01$h1657
=CAT  \\$aIPL-CLA$c20150228$lBLL01$h2049
=CAT  \\$aCDS15-UPD$b40$c20150918$lBLL01$h1639
=CAT  \\$aBATCH-UPD$b40$c20160517$lBLL01$h1757
=CAT  \\$aW1711-1005$c20171206$lBLL01$h1817
=CAT  \\$aBATCH-UPD$b00$c20180219$lBLL01$h1748
=CAT  \\$aBATCH-UPD$b00$c20181121$lBLL01$h1622
=CAT  \\$aIPL-CLA$c20181231$lBLL01$h1543
=CAT  \\$a5410$b40$c20190910$lBLL01$h1147
=CAT  \\$aR1911-0245$c20191127$lBLL01$h0944
=CAT  \\$aR1911-0245$c20191127$lBLL01$h1045
=CAT  \\$aIPL-CLA$c20191231$lBLL01$h1936
=CAT  \\$a8055$b40$c20200717$lBLL01$h1053
=CAT  \\$a11315$b40$c20200825$lBLL01$h1229
=CAT  \\$a8483$b40$c20201210$lBLL01$h1543
=CFI  0\$aCurrent Copyright Fee: GBP39.00$c35\0$e01-jan-2020$fGBP39.00$g0$hP$5Uk
=CFI  2\$aPrevious copyright fee: GBP28.00$c35\0$e01-jan-2019$fGBP28.00$g0$hP$5Uk
=EST  \\$a1
=FFP  \\$aY$bBLDSS-3PM
=FIN  \\$aY$d20051125
=LKR  \\$aPAR$b013345612$lBLL01$r78517$mJournal of polymer science. Part B, Polymer physics (Online)$nJournal of polymer science. Part A, Polymer chemistry (Online)
=MNI  \\$a0887-6266
=SID  \\$aZ39$bOCLC
=TCO  \\$aTRS$bCCC$c008
=TOC  \\$aETOC
=UNO  \\$aY
=ACF  \\$aPrevious Copyright Fee: GBP17.00$c35\0$e13-oct-2008$fGBP17.00$g0$hP$5Uk
=ACF  \\$aPrevious copyright fee: GBP22.00$c35\0$e01-jan-2011$fGBP22.00$g0$hP$5Uk
=ACF  \\$aPrevious copyright fee: GBP24.00$c35\0$e01-mar-2015$fGBP24.00$g0$hP$5Uk
=LAS  \\$a8483$b40$c20201210$lBLL01$h1543

