=LDR  04568cas a2201069 a 4500
=001  013345625
=003  Uk
=005  20211005085317.0
=006  m\\\\\\\\d\\\\\\\\
=007  cr\mnu||||||||
=008  000517c19769999nyumn1pss\\\\\0\\\a0eng\d
=FMT  \\$a  SE
=010  \\$a2001212303
=015  \\$aGBB350627$2bnb
=022  0\$a1099-1344$y0362-4803
=037  \\$aISSN_03624803$bPortico$nWiley
=040  \\$aOH1$cOH1$dNSD$dOCLCQ$dOCL$dIUL$dUk
=042  \\$ansdp$aukblsr
=050  14$aQD466$b.J592
=082  04$a615.8424$222
=130  0\$aJournal of labelled compounds & radiopharmaceuticals (Online)
=210  0\$aJ. labelled compd radiopharm.$b(Online)
=222  \0$aJournal of labelled compounds & radiopharmaceuticals$b(Online)
=245  10$aJournal of labelled compounds & radiopharmaceuticals$h[electronic resource].
=246  1\$iIssues for <2005-> have title:$aJournal of labelled compounds and radiopharmaceuticals
=246  30$aLabelled compounds and radiopharmaceuticals$f<2005->
=260  \\$aNew York :$bJ. Wiley
=310  \\$aMonthly (semimonthly Mar. and Oct.),$b2000-
=321  \\$aMonthly,$b<1996->
=336  \\$atext$2rdacontent
=337  \\$acomputer$2rdamedia
=338  \\$aonline resource$2rdacarrier
=362  1\$aPrint began in 1976.
=500  \\$aDescription based on: Vol. 39, issue 1 (Jan. 1997); title from general information screen (viewed May 17, 2000).
=500  \\$aLatest issue consulted: Vol. 48, issue 12 (Oct. 2005); viewed: Nov. 8, 2005.
=525  \\$aHas occasional supplements, 1976- ; supplement issue to be published in June, 2005-
=530  \\$aAlso issued in print.
=538  \\$aMode of access: World Wide Web.
=550  \\$aOfficial journal of the International Isotope Society, <2005->
=540  \\$aCurrent Copyright Fee: GBP39.00$c35\0$5Uk
=650  \0$aTracers (Chemistry)$vPeriodicals.
=650  \0$aRadiopharmaceuticals$vPeriodicals.
=710  2\$aInternational Isotope Society.
=780  00$tJournal of labelled compounds
=776  1\$tJournal of labelled compounds & radiopharmaceuticals$x0362-4803
=859  \\$aELD$bejournal
=856  \\$31850-9999$uhttp://onlinelibrary.wiley.com/$xBLDSS
=852  41$aBritish Library$bSTI$jELD Digital store$3Volume 56:Number 1(2013)-***Previous issues available in print copy
=852  41$aBritish Library$bDSC$j5009.910000$3Volume 49:Issue 1(2006)-Volume 57:Issue 14(2014)***See ESTAR for full holdings.
=945  \\$aJOURNAL OF LABELLED COMPOUNDS AND RADIOPHARMACEUTICALS.
=959  \\$fHeld but not currently received
=985  \\$aCONFERENCE ANALYTIC RECORDS EXIST
=CAT  \\$a7332$b40$c20051125$lBLL01$h0912
=CAT  \\$aIPL-CLA$c20101231$lBLL01$h1517
=CAT  \\$aWR12_168$c20121206$lBLL01$h1816
=CAT  \\$aWR13.005$c20130323$lBLL01$h1330
=CAT  \\$a8201$b40$c20130523$lBLL01$h0917
=CAT  \\$aWR13.114$c20130717$lBLL01$h1313
=CAT  \\$aBATCH-PORT$c20130829$lBLL01$h1114
=CAT  \\$a8342$b40$c20131010$lBLL01$h0934
=CAT  \\$aWR14_009$c20140204$lBLL01$h2343
=CAT  \\$aBLDSS-3PM$b00$c20141214$lBLL01$h1523
=CAT  \\$aBATCH-UPD$b00$c20150215$lBLL01$h1657
=CAT  \\$aIPL-CLA$c20150228$lBLL01$h2049
=CAT  \\$aCDS15-UPD$b40$c20150918$lBLL01$h1639
=CAT  \\$aBATCH-UPD$b40$c20160519$lBLL01$h1435
=CAT  \\$aW1711-1005$c20171206$lBLL01$h1817
=CAT  \\$aBATCH-UPD$b00$c20180219$lBLL01$h1748
=CAT  \\$aBATCH-UPD$b00$c20181121$lBLL01$h1622
=CAT  \\$aIPL-CLA$c20181231$lBLL01$h1543
=CAT  \\$a5410$b40$c20190724$lBLL01$h0948
=CAT  \\$a5410$b40$c20190724$lBLL01$h0949
=CAT  \\$aR1911-0245$c20191127$lBLL01$h0945
=CAT  \\$aR1911-0245$c20191127$lBLL01$h1045
=CAT  \\$aIPL-CLA$c20191231$lBLL01$h1936
=CAT  \\$a5410$b40$c20200109$lBLL01$h1155
=CAT  \\$a12654$b40$c20210915$lBLL01$h0752
=CAT  \\$a5410$b40$c20211005$lBLL01$h0853
=CFI  0\$aCurrent Copyright Fee: GBP39.00$c35\0$e01-jan-2020$fGBP39.00$g0$hP$5Uk
=CFI  2\$aPrevious copyright fee: GBP28.00$c35\0$e01-jan-2019$fGBP28.00$g0$hP$5Uk
=EST  \\$a1
=FFP  \\$aY$bBLDSS-3PM
=FIN  \\$aY$d20051125
=MNI  \\$a0362-4803
=SID  \\$aZ39$bOCLC
=TCO  \\$aTRS$bCCC$c008
=TOC  \\$aETOC
=UNO  \\$aY
=ACF  \\$aPrevious Copyright Fee: GBP17.00$c35\0$e01-apr-2005$fGBP17.00$g0$hP$5Uk
=ACF  \\$aPrevious copyright fee: GBP22.00$c35\0$e01-jan-2011$fGBP22.00$g0$hP$5Uk
=ACF  \\$aPrevious copyright fee: GBP24.00$c35\0$e01-mar-2015$fGBP24.00$g0$hP$5Uk
=LAS  \\$a5410$b40$c20211005$lBLL01$h0853

