=LDR  05348 as a2201105 a 4500
=001  013345645
=003  Uk
=005  20200331161527.0
=006  m\\\\\\\\d\\\\\\\\
=007  cr||||||||||||
=008  021220d20032016njubr\pss\\\\\0\\\a0eng\c
=FMT  \\$a  SE
=010  \\$a2002215641
=015  \\$aGBB877997$2bnb
=022  0\$a1542-9741
=037  \\$aISSN_15429733$bPortico$nWiley
=040  \\$aNSD$cNSD$dOCLCQ$dGUA$dOCLCQ$dUk
=042  \\$aukblsr
=050  14$aRA1224.45
=082  04$a616.65071$222
=130  0\$aBirth defects research.$nPart B,$pDevelopmental and reproductive toxicology (Online)
=210  0\$aBirth defects res., Part B Dev. reprod. toxicol.$b(Online)
=222  \0$aBirth defects research. Part B, Developmental and reproductive toxicology$b(Online)
=245  10$aBirth defects research.$nPart B,$pDevelopmental and reproductive toxicology$h[electronic resource].
=246  30$aDevelopmental and reproductive toxicology
=260  \\$a[Hoboken, N.J.] :$bWiley-Liss, Inc.,$cc2003-2016.
=260  2\$3<June 2011-> :$aMalden, MA :$bJohn Wiley & Sons
=260  3\$3<Feb. 2015-> :$aHoboken, NJ :$bWiley Periodicals, Inc.
=310  \\$aBimonthly
=336  \\$atext$2rdacontent
=337  \\$acomputer$2rdamedia
=338  \\$aonline resource$2rdacarrier
=362  0\$aVol. 68, issue 1 (Feb. 2003)-v. 107, issue 6 (December 2016).
=500  \\$aTitle from contents screen (InterScience, viewed Feb. 12, 2004).
=515  \\$aVols. are internumbered among the other two sections of: Birth defects research (e.g. v. 67, 70, etc. = Part A, Clinical and molecular teratology; v. 68, 71, etc. = Part B, Developmental and reproductive toxicology v. 69, 72, etc. = Part C, Embryo today).
=515  \\$aSome nos. called "special issue" with distinctive titles.
=521  8\$a"Specialists in embryology, teratology, and prenatal development."
=538  \\$aMode of access: World Wide Web.
=550  \\$aOfficial publication of the Teratology Society.
=580  \\$aMerged with: Birth defects research. Part A, Clinical and molecular teratology, and: Birth defects research. Part C, Embryo today, to form: Birth defects research.
=588  \\$aLatest issue consulted: Vol. 107, issue 6 (December 2016) (Wiley Online Library, viewed March 6, 2017).
=540  \\$aCurrent copyright fee: GBP39.00$c35\0$5Uk
=650  \0$aDevelopmental toxicology$vPeriodicals.
=650  \0$aReproductive toxicology$vPeriodicals.
=710  2\$aTeratology Society.
=776  08$iPrint version, -2013:$tBirth defects research. Part B, Developmental and reproductive toxicology$x1542-9733
=780  00$tTeratogenesis, carcinogenesis, and mutagenesis (Online)$x1520-6866
=785  17$tBirth defects research. Part A, Clinical and molecular teratology
=785  17$tBirth defects research. Part C, Embryo today (Online)$x1542-9768
=785  17$tBirth defects research$x2472-1727
=859  \\$aELD$bejournal
=856  \\$31850-9999$uhttp://onlinelibrary.wiley.com/$xBLDSS
=852  41$aBritish Library$bHMNTS$jELD Digital store$3Volume 98:Number 1(2013)-Volume 107:Issue 6(2016)***Previous issues available in print copy
=852  41$aBritish Library$bDSC$j2094.091500$3Volume 77:Issue 1(2006)-Volume 101:Number 6(2014)***See ESTAR for full holdings.
=945  \\$aBirth defects research Part B Developmental and reproductive toxicology
=959  \\$fHeld but not currently received
=985  \\$aCONFERENCE ANALYTIC &RECORDS EXIST
=CAT  \\$a8141$b40$c20051125$lBLL01$h0944
=CAT  \\$a8141$b40$c20051125$lBLL01$h0946
=CAT  \\$aBATCH-UPD$b40$c20060901$lBLL01$h0959
=CAT  \\$aBATCH-UPD$b40$c20060901$lBLL01$h1030
=CAT  \\$aBATCH-UPD$b40$c20101116$lBLL01$h1334
=CAT  \\$aIPL-CLA$c20101231$lBLL01$h1517
=CAT  \\$a6550$b40$c20120717$lBLL01$h1454
=CAT  \\$a8411$b40$c20140411$lBLL01$h1726
=CAT  \\$a10983$b40$c20140416$lBLL01$h0848
=CAT  \\$a10983$b40$c20140416$lBLL01$h1236
=CAT  \\$a10997$b40$c20141111$lBLL01$h1025
=CAT  \\$aBLDSS-3PM$b00$c20141214$lBLL01$h1523
=CAT  \\$aBATCH-UPD$b00$c20150215$lBLL01$h1657
=CAT  \\$aIPL-CLA$c20150228$lBLL01$h2049
=CAT  \\$aCDS15-UPD$b40$c20150918$lBLL01$h1639
=CAT  \\$aBATCH-UPD$b40$c20160608$lBLL01$h1108
=CAT  \\$aW1711-1005$c20171206$lBLL01$h1817
=CAT  \\$aBATCH-UPD$b00$c20180219$lBLL01$h1748
=CAT  \\$a3072$b40$c20180425$lBLL01$h1635
=CAT  \\$aBATCH-UPD$b40$c20181121$lBLL01$h1622
=CAT  \\$aIPL-CLA$c20181231$lBLL01$h1543
=CAT  \\$aBATCH-UPD$b00$c20200219$lBLL01$h1541
=CAT  \\$a5552$b40$c20200227$lBLL01$h1100
=CAT  \\$aIPL-CLA$c20200331$lBLL01$h1615
=CFI  0\$aCurrent copyright fee: GBP39.00$c35\0$e01-apr-2020$fGBP39.00$g0$hP$5Uk
=CFI  2\$aPrevious copyright fee: GBP28.00$c35\0$e01-jan-2019$fGBP28.00$g0$hP$5Uk
=EST  \\$a1
=FFP  \\$aY$bBLDSS-3PM
=FIN  \\$aY$d20051125
=MNI  \\$a1542-9733
=SID  \\$aZ39$bOCLC
=TCO  \\$aTRS$bCCC$c008
=TOC  \\$aETOC
=UNO  \\$aY
=ACF  \\$aPrevious Copyright Fee: GBP17.00$c35\0$e01-apr-2005$fGBP17.00$g0$hP$5Uk
=ACF  \\$aPrevious copyright fee: GBP22.00$c35\0$e01-jan-2011$fGBP22.00$g0$hP$5Uk
=ACF  \\$aPrevious copyright fee: GBP24.00$c35\0$e01-mar-2015$fGBP24.00$g0$hP$5Uk
=LAS  \\$aIPL-CLA$b00$c20200331$lBLL01$h1615

