=LDR  03896cas a2200949 a 4500
=001  013345699
=003  Uk
=005  20191231193643.0
=006  m\\\\\\\\d\\\\\\\\
=007  cr\mn|||||||||
=008  000517c19929999nyubr1pss\\\\\0\\\a0eng\d
=FMT  \\$a  SE
=010  \\$a2001212301
=015  \\$aGBB348266$2bnb
=022  0\$a1099-1360$y1057-9214
=037  \\$aISSN_10579214$bPortico$nWiley
=040  \\$aOH1$cOH1$dNSD$dTJC$dOCLCQ$dOCL$dUk
=042  \\$ansdp$aukblsr
=082  04$a658.40354$222
=130  0\$aJournal of multi-criteria decision analysis (Online)
=210  0\$aJ. multi-criteria decis. anal.$b(Online)
=222  \0$aJournal of multi-criteria decision analysis$b(Online)
=245  10$aJournal of multi-criteria decision analysis$h[electronic resource].
=260  \\$aNew York :$bJ. Wiley
=310  \\$aBimonthly
=336  \\$atext$2rdacontent
=337  \\$acomputer$2rdamedia
=338  \\$aonline resource$2rdacarrier
=362  1\$aPrint began with vol. 1, no. 1 (July 1992).
=500  \\$aDescription based on: Vol. 6, issue 1 (Jan. 1997); title from general information screen (viewed May 17, 2000).
=530  \\$aAlso issued in print.
=538  \\$aMode of access: World Wide Web.
=540  \\$aCurrent Copyright Fee: GBP32.00$c35\0$5Uk
=650  \0$aMultiple criteria decision making$vPeriodicals.
=690  7\$aManagement and Business Studies$2blcoll
=776  1\$tJournal of multi-criteria decision analysis$x1057-9214
=859  \\$aELD$bejournal
=856  \\$31850-9999$uhttp://onlinelibrary.wiley.com/$xBLDSS
=852  41$aBritish Library$bDSC$j5021.054000$3Volume 13:Issue 1(2005)-Volume 21:Issue 5/6(2014)***See ESTAR for full holdings.
=852  41$aBritish Library$bSTI$jELD Digital store$3Volume 20:Issue 1/2(2013:Jan./Apr.)-***Previous issues available in print copy
=945  \\$aJOURNAL OF MULTICRITERIA DECISION ANALYSIS.
=959  \\$fHeld but not currently received
=CAT  \\$a7332$b40$c20051125$lBLL01$h1044
=CAT  \\$aBATCH-UPD$b40$c20060901$lBLL01$h0959
=CAT  \\$aBATCH-UPD$b40$c20060901$lBLL01$h1030
=CAT  \\$aBATCH$b00$c20090624$lBLL01$h1707
=CAT  \\$aBATCH-UPD$b00$c20101116$lBLL01$h1334
=CAT  \\$aIPL-CLA$c20101231$lBLL01$h1517
=CAT  \\$aWR12_168$c20121206$lBLL01$h1816
=CAT  \\$aWR13.005$c20130323$lBLL01$h1330
=CAT  \\$a8201$b40$c20130516$lBLL01$h1458
=CAT  \\$aBATCH-CLA$b00$c20130526$lBLL01$h1648
=CAT  \\$aWR13.114$c20130717$lBLL01$h1313
=CAT  \\$aBATCH-PORT$c20130829$lBLL01$h1114
=CAT  \\$aWR14_009$c20140204$lBLL01$h2343
=CAT  \\$aBLDSS-3PM$b00$c20141214$lBLL01$h1523
=CAT  \\$aBATCH-UPD$b00$c20150215$lBLL01$h1657
=CAT  \\$aIPL-CLA$c20150228$lBLL01$h2049
=CAT  \\$aCDS15-UPD$b40$c20150918$lBLL01$h1639
=CAT  \\$aBATCH-UPD$b40$c20160812$lBLL01$h1311
=CAT  \\$aW1711-1005$c20171206$lBLL01$h1817
=CAT  \\$aBATCH-UPD$b00$c20180219$lBLL01$h1748
=CAT  \\$aBATCH-UPD$b00$c20181121$lBLL01$h1622
=CAT  \\$aIPL-CLA$c20181231$lBLL01$h1543
=CAT  \\$aR1911-0245$c20191127$lBLL01$h0823
=CAT  \\$aR1911-0245$c20191127$lBLL01$h1045
=CAT  \\$aIPL-CLA$c20191231$lBLL01$h1936
=CFI  0\$aCurrent Copyright Fee: GBP32.00$c35\0$e01-jan-2020$fGBP32.00$g0$hP$5Uk
=CFI  2\$aPrevious copyright fee: GBP28.00$c35\0$e01-jan-2019$fGBP28.00$g0$hP$5Uk
=EST  \\$a1
=FFP  \\$aY$bBLDSS-3PM
=FIN  \\$aY$d20051125
=MNI  \\$a1057-9214
=SID  \\$aZ39$bOCLC
=TCO  \\$aTRS$bCCC$c008
=TCO  \\$aCLA$bCLA$c008
=TOC  \\$aETOC
=UNO  \\$aY
=ACF  \\$aPrevious Copyright Fee: GBP17.00$c35\0$e01-apr-2005$fGBP17.00$g0$hP$5Uk
=ACF  \\$aPrevious copyright fee: GBP22.00$c35\0$e01-jan-2011$fGBP22.00$g0$hP$5Uk
=ACF  \\$aPrevious copyright fee: GBP24.00$c35\0$e01-mar-2015$fGBP24.00$g0$hP$5Uk
=LAS  \\$aIPL-CLA$b00$c20191231$lBLL01$h1936

