=LDR  04300cas a2201057 a 4500
=001  013345721
=003  Uk
=005  20191231193644.0
=006  m\\\\\o\\d\\\\\\\\
=007  cr\cn|||||||||
=008  990629c19889999nyubx1pso\\\\\0\\\a0eng\d
=FMT  \\$a  SE
=010  \\$a00238103$z2001227344
=015  \\$aGBB351285$2bnb
=022  0\$a1099-1379$l0894-3796$y0894-3796$21
=037  \\$aISSN_08943796$bPortico$nWiley
=040  \\$aDLM$cDLM$dIUL$dNSD$dEYM$dOCLCQ$dUk
=042  \\$ansdp$aukblsr
=050  14$aHD6951$b.J68
=082  04$a302.35$222
=130  0\$aJournal of organizational behavior (Online)
=210  0\$aJ. organ. behav.$b(Online)
=222  \0$aJournal of organizational behavior$b(Online)
=245  10$aJournal of organizational behavior$h[electronic resource].
=260  \\$aNew York :$bWiley
=310  \\$a8 no. a year,$b2000-
=321  \\$aSeven no. a year,$b<1996>-1999
=336  \\$atext$2rdacontent
=337  \\$acomputer$2rdamedia
=338  \\$aonline resource$2rdacarrier
=362  1\$aPrint began with vol. 9, no. 1 (Jan. 1988).
=500  \\$aDescription based on: Vol. 17, issue 1 (Jan. 1996); title from home page (viewed June 28, 1999).
=500  \\$aLatest issue consulted: Vol. 22, issue 4 (June 2001).
=520  \\$aAbstracts and full-text (PDF only), 1997- ; abstracts only, 1996.
=530  \\$aAlso issued in print.
=538  \\$aMode of access: World Wide Web.
=540  \\$aCurrent Copyright Fee: GBP39.00$c35\0$5Uk
=650  \0$aIndustrial sociology$vPeriodicals.
=650  \0$aOrganizational behavior$vPeriodicals.
=650  \0$aPsychology, Industrial$vPeriodicals.
=690  7\$aManagement and Business Studies$2blcoll
=690  7\$aSocial Welfare$2blcoll
=710  2\$aWiley InterScience (Online service)
=776  1\$tJournal of organizational behavior$x0894-3796
=859  \\$aELD$bejournal
=856  \\$31850-9999$uhttp://onlinelibrary.wiley.com/$xBLDSS
=852  41$aBritish Library$bDSC$j5027.066000$3Volume 27:Issue 1(2006)-Volume 35:Issue 8(2014)***See ESTAR for full holdings.
=852  41$aBritish Library$bHMNTS$jELD Digital store$3Volume 34:Number 1(2013)-***Previous issues available in print copy
=945  \\$aJOURNAL OF ORGANIZATIONAL BEHAVIOR.
=959  \\$fHeld but not currently received
=CAT  \\$a7332$b40$c20051125$lBLL01$h1055
=CAT  \\$aBATCH-UPD$b40$c20060901$lBLL01$h1030
=CAT  \\$aBATCH$b00$c20090624$lBLL01$h1707
=CAT  \\$aBATCH-UPD$b00$c20101116$lBLL01$h1334
=CAT  \\$aIPL-CLA$c20101231$lBLL01$h1517
=CAT  \\$aBATCH$b00$c20110625$lBLL01$h0517
=CAT  \\$aBATCH-SWP4$c20110627$lBLL01$h1559
=CAT  \\$aWR12_168$c20121206$lBLL01$h1816
=CAT  \\$aWR13.005$c20130323$lBLL01$h1330
=CAT  \\$aBATCH-CLA$b00$c20130526$lBLL01$h1649
=CAT  \\$a8874$b40$c20130528$lBLL01$h1133
=CAT  \\$aWR13.114$c20130717$lBLL01$h1313
=CAT  \\$aBATCH-PORT$c20130829$lBLL01$h1114
=CAT  \\$aWR14_009$c20140204$lBLL01$h2343
=CAT  \\$aBLDSS-3PM$b00$c20141214$lBLL01$h1523
=CAT  \\$aBATCH-UPD$b00$c20150215$lBLL01$h1657
=CAT  \\$aIPL-CLA$c20150228$lBLL01$h2049
=CAT  \\$aCDS15-UPD$b40$c20150918$lBLL01$h1639
=CAT  \\$aBATCH-UPD$b40$c20160519$lBLL01$h1440
=CAT  \\$aW1711-1005$c20171206$lBLL01$h1817
=CAT  \\$aBATCH-UPD$b00$c20180219$lBLL01$h1748
=CAT  \\$aBATCH-UPD$b00$c20181121$lBLL01$h1622
=CAT  \\$aIPL-CLA$c20181231$lBLL01$h1543
=CAT  \\$aR1911-0245$c20191127$lBLL01$h0944
=CAT  \\$aR1911-0245$c20191127$lBLL01$h1045
=CAT  \\$aIPL-CLA$c20191231$lBLL01$h1936
=CFI  0\$aCurrent Copyright Fee: GBP39.00$c35\0$e01-jan-2020$fGBP39.00$g0$hP$5Uk
=CFI  2\$aPrevious copyright fee: GBP28.00$c35\0$e01-jan-2019$fGBP28.00$g0$hP$5Uk
=EST  \\$a1
=FFP  \\$aY$bBLDSS-3PM
=FIN  \\$aY$d20051125
=MNI  \\$a0894-3796
=SID  \\$aZ39$bOCLC
=TCO  \\$aTRS$bCCC$c008
=TCO  \\$aCLA$bCLA$c008
=TOC  \\$aETOC
=UNO  \\$aY
=ACF  \\$aPrevious Copyright Fee: GBP17.00$c35\0$e01-apr-2005$fGBP17.00$g0$hP$5Uk
=ACF  \\$aPrevious copyright fee: GBP22.00$c35\0$e01-jan-2011$fGBP22.00$g0$hP$5Uk
=ACF  \\$aPrevious copyright fee: GBP24.00$c35\0$e01-mar-2015$fGBP24.00$g0$hP$5Uk
=LAS  \\$aIPL-CLA$b00$c20191231$lBLL01$h1936

