=LDR  04004cas a2201009 a 4500
=001  013345764
=003  Uk
=005  20191231193644.0
=006  m\\\\\\\\d\\\\\\\\
=007  cr\mn\\\\\\\\\
=008  000518c19959999nyumr1pss\\\\\0\\\a0eng\d
=FMT  \\$a  SE
=010  \\$a2001212300
=015  \\$aGBB349453$2bnb
=022  0\$a1099-1387$y1075-2617
=037  \\$aISSN_10752617$bPortico$nWiley
=040  \\$aOH1$cOH1$dNSD$dEYM$dOCLCQ$dOCL$dUk
=042  \\$ansdp$aukblsr
=050  14$aQD431.A1$bJ68
=082  04$a572.65$222
=130  0\$aJournal of peptide science (Online)
=210  0\$aJ. pept. sci.$b(Online)
=222  \0$aJournal of peptide science$b(Online)
=245  10$aJournal of peptide science$h[electronic resource].
=260  \\$aNew York :$bJ. Wiley
=310  \\$aMonthly,$b1999-
=321  \\$aBimonthly,$b1997
=321  \\$a8 no. a year,$b1998
=336  \\$atext$2rdacontent
=337  \\$acomputer$2rdamedia
=338  \\$aonline resource$2rdacarrier
=362  1\$aPrint began with vol. 1, no. 1 (Jan.-Feb. 1995).
=500  \\$aDescription based on: Vol. 3, issue 1 (Jan. 1997); title from general information screen (viewed May 18, 2000).
=500  \\$aLatest issue consulted: Vol. 7, issue 6 (June 2001).
=530  \\$aAlso issued in print.
=538  \\$aMode of access: World Wide Web.
=550  \\$aAn official publication of the European Peptide Society.
=540  \\$aCurrent Copyright Fee: GBP39.00$c35\0$5Uk
=650  \0$aPeptides$vPeriodicals.
=650  \2$aPeptides$vPeriodicals.
=710  2\$aEuropean Peptide Society.
=776  1\$tJournal of peptide science$x1075-2617
=859  \\$aELD$bejournal
=856  \\$31850-9999$uhttp://onlinelibrary.wiley.com/$xBLDSS
=852  41$aBritish Library$bSTI$jELD Digital store$3Volume 19:Number 1(2013:Jan.)-***Previous issues available in print copy
=852  41$aBritish Library$bDSC$j5030.530000$3Volume 12:Issue 1(2006)-Volume 20:Issue 12(2014)***See ESTAR for full holdings.
=945  \\$aJOURNAL OF PEPTIDE SCIENCE.
=959  \\$fHeld but not currently received
=985  \\$aCONFERENCE ANALYTIC RECORDS EXIST
=CAT  \\$a7332$b40$c20051125$lBLL01$h1120
=CAT  \\$aBATCH-UPD$b40$c20060901$lBLL01$h0959
=CAT  \\$aBATCH-UPD$b40$c20060901$lBLL01$h1030
=CAT  \\$aBATCH-UPD$b40$c20101116$lBLL01$h1334
=CAT  \\$aIPL-CLA$c20101231$lBLL01$h1517
=CAT  \\$aWR12_168$c20121206$lBLL01$h1816
=CAT  \\$aWR13.005$c20130323$lBLL01$h1330
=CAT  \\$a8201$b40$c20130521$lBLL01$h1126
=CAT  \\$aWR13.114$c20130717$lBLL01$h1313
=CAT  \\$aBATCH-PORT$c20130829$lBLL01$h1114
=CAT  \\$a10934$b40$c20140128$lBLL01$h1328
=CAT  \\$aWR14_009$c20140204$lBLL01$h2343
=CAT  \\$aBLDSS-3PM$b00$c20141214$lBLL01$h1523
=CAT  \\$aBATCH-UPD$b00$c20150215$lBLL01$h1657
=CAT  \\$aIPL-CLA$c20150228$lBLL01$h2049
=CAT  \\$aCDS15-UPD$b40$c20150918$lBLL01$h1639
=CAT  \\$aBATCH-UPD$b40$c20160519$lBLL01$h1752
=CAT  \\$aW1711-1005$c20171206$lBLL01$h1818
=CAT  \\$aBATCH-UPD$b00$c20180219$lBLL01$h1748
=CAT  \\$aBATCH-UPD$b00$c20181121$lBLL01$h1622
=CAT  \\$aIPL-CLA$c20181231$lBLL01$h1543
=CAT  \\$aR1911-0245$c20191127$lBLL01$h0944
=CAT  \\$aR1911-0245$c20191127$lBLL01$h1045
=CAT  \\$aIPL-CLA$c20191231$lBLL01$h1936
=CFI  0\$aCurrent Copyright Fee: GBP39.00$c35\0$e01-jan-2020$fGBP39.00$g0$hP$5Uk
=CFI  2\$aPrevious copyright fee: GBP28.00$c35\0$e01-jan-2019$fGBP28.00$g0$hP$5Uk
=EST  \\$a1
=FFP  \\$aY$bBLDSS-3PM
=FIN  \\$aY$d20051125
=MNI  \\$a1075-2617
=SID  \\$aZ39$bOCLC
=TCO  \\$aTRS$bCCC$c008
=TOC  \\$aETOC
=UNO  \\$aY
=ACF  \\$aPrevious Copyright Fee: GBP17.00$c35\0$e01-apr-2005$fGBP17.00$g0$hP$5Uk
=ACF  \\$aPrevious copyright fee: GBP22.00$c35\0$e01-jan-2011$fGBP22.00$g0$hP$5Uk
=ACF  \\$aPrevious copyright fee: GBP24.00$c35\0$e01-mar-2015$fGBP24.00$g0$hP$5Uk
=LAS  \\$aIPL-CLA$b00$c20191231$lBLL01$h1936

