=LDR  03959cas a2200973 a 4500
=001  013345800
=003  Uk
=005  20191231193644.0
=006  m\\\\\\\\d\\\\\\\\
=007  cr\mn\\\\\\\\\
=008  000204c19889999enkmr1pss\\\\\0\\\a0eng\d
=FMT  \\$a  SE
=010  \\$a00238120
=015  \\$aGBA600184$2bnb
=022  0\$a1099-1395$y0894-3230
=037  \\$aISSN_08943230$bPortico$nWiley
=040  \\$aIUL$cIUL$dNSD$dOCLCQ$dMYG$dOCLCQ$dOCL$dIUL$dUk
=042  \\$ansdp$aukblsr
=050  14$aQD476$b.J64
=082  04$a547.1$222
=130  0\$aJournal of physical organic chemistry (Online)
=210  0\$aJ. phys. org. chem.$b(Online)
=222  \0$aJournal of physical organic chemistry$b(Online)
=245  10$aJournal of physical organic chemistry$h[electronic resource].
=260  \\$aChichester, Sussex, England :$bJ. Wiley
=310  \\$aMonthly,$b1990-
=321  \\$aBimonthly,$b1988-1989
=336  \\$atext$2rdacontent
=337  \\$acomputer$2rdamedia
=338  \\$aonline resource$2rdacarrier
=362  0\$aVol. 1, issue 1 (Jan./Feb. 1988)-
=500  \\$aTitle from table of contents; viewed: Nov. 18, 2005.
=500  \\$aLatest issue consulted: Vol. 18, issue 11 (Nov. 2005); viewed: Nov. 18, 2005.
=520  \\$aAbstracts and full-text (PDF only), 1997- ; abstracts only, 1996.
=530  \\$aAlso issued in print.
=538  \\$aMode of access: World Wide Web.
=540  \\$aCurrent Copyright Fee: GBP39.00$c35\0$5Uk
=650  \0$aChemistry, Physical organic$vPeriodicals.
=710  2\$aWiley InterScience (Online service)
=776  1\$tJournal of physical organic chemistry$x0894-3230
=859  \\$aELD$bejournal
=856  \\$31850-9999$uhttp://onlinelibrary.wiley.com/$xBLDSS
=852  41$aBritish Library$bSTI$jELD Digital store$3Volume 26:Number 1(2013:Jan.)-***Previous issues available in print copy
=852  41$aBritish Library$bDSC$j5036.211000$3Volume 19:Issue 1(2006)-Volume 24:Issue 12(2011)***See ESTAR for full holdings.
=945  \\$aJOURNAL OF PHYSICAL ORGANIC CHEMISTRY.
=959  \\$fHeld but not currently received
=CAT  \\$a7332$b40$c20051125$lBLL01$h1133
=CAT  \\$a7332$b40$c20051125$lBLL01$h1134
=CAT  \\$aBATCH-UPD$b40$c20060901$lBLL01$h0959
=CAT  \\$aBATCH-UPD$b40$c20060901$lBLL01$h1030
=CAT  \\$aBATCH-UPD$b40$c20101116$lBLL01$h1334
=CAT  \\$aIPL-CLA$c20101231$lBLL01$h1517
=CAT  \\$aCDS12-UPD$b40$c20120402$lBLL01$h1434
=CAT  \\$aWR12_168$c20121206$lBLL01$h1816
=CAT  \\$aWR13.005$c20130323$lBLL01$h1330
=CAT  \\$aWR13.114$c20130717$lBLL01$h1313
=CAT  \\$aBATCH-PORT$c20130829$lBLL01$h1114
=CAT  \\$aWR14_009$c20140204$lBLL01$h2343
=CAT  \\$aWR14_140$c20140905$lBLL01$h1810
=CAT  \\$aBLDSS-3PM$b00$c20141214$lBLL01$h1523
=CAT  \\$aBATCH-UPD$b00$c20150215$lBLL01$h1657
=CAT  \\$aIPL-CLA$c20150228$lBLL01$h2049
=CAT  \\$aBATCH-UPD$b00$c20160526$lBLL01$h1847
=CAT  \\$aW1711-1005$c20171206$lBLL01$h1818
=CAT  \\$aBATCH-UPD$b00$c20180219$lBLL01$h1748
=CAT  \\$aBATCH-UPD$b00$c20181121$lBLL01$h1622
=CAT  \\$aIPL-CLA$c20181231$lBLL01$h1543
=CAT  \\$aR1911-0245$c20191127$lBLL01$h0944
=CAT  \\$aR1911-0245$c20191127$lBLL01$h1045
=CAT  \\$aIPL-CLA$c20191231$lBLL01$h1936
=CFI  0\$aCurrent Copyright Fee: GBP39.00$c35\0$e01-jan-2020$fGBP39.00$g0$hP$5Uk
=CFI  2\$aPrevious copyright fee: GBP28.00$c35\0$e01-jan-2019$fGBP28.00$g0$hP$5Uk
=EST  \\$a1
=FFP  \\$aY$bBLDSS-3PM
=FIN  \\$aY$d20051125
=MNI  \\$a0894-3230
=SID  \\$aZ39$bOCLC
=TCO  \\$aCLA$bCLA$c008
=TOC  \\$aETOC
=UNO  \\$aY
=ACF  \\$aPrevious Copyright Fee: GBP17.00$c35\0$e01-apr-2005$fGBP17.00$g0$hP$5Uk
=ACF  \\$aPrevious copyright fee: GBP22.00$c35\0$e01-jan-2011$fGBP22.00$g0$hP$5Uk
=ACF  \\$aPrevious copyright fee: GBP24.00$c35\0$e01-mar-2015$fGBP24.00$g0$hP$5Uk
=LAS  \\$aIPL-CLA$b00$c20191231$lBLL01$h1936

