=LDR  04012cas a2200985 a 4500
=001  013345895
=003  Uk
=005  20221231144640.0
=006  m\\\\\\\\d\\\\\\\\
=007  cr\mnu||||||||
=008  000518c19869999nyuqr1pss\\\\\0\\\a0eng\d
=FMT  \\$a  SE
=010  \\$a2001212298
=015  \\$aGBB349157$2bnb
=022  0\$a1099-1417$y0267-8179
=037  \\$aISSN_02678179$bPortico$nWiley
=040  \\$aOH1$cOH1$dNSD$dOCLCQ$dOCL$dUk
=042  \\$ansdp$aukblsr
=082  04$a551.79$222
=130  0\$aJournal of quaternary science (Online)
=210  0\$aJ. quat. sci.$b(Online)
=222  \0$aJournal of quaternary science$b(Online)
=245  10$aJournal of quaternary science$h[electronic resource].
=246  3\$aJQS
=260  \\$aNew York :$bJ. Wiley
=336  \\$atext$2rdacontent
=337  \\$acomputer$2rdamedia
=338  \\$aonline resource$2rdacarrier
=362  1\$aPrint began with vol. 1, no. 1, published in 1986.
=500  \\$aDescription based on: Vol. 12, issue 1 (Jan./Feb. 1997); title from general information screen (viewed May 18, 2000).
=530  \\$aAlso issued in print.
=538  \\$aMode of access: World Wide Web.
=550  \\$aPublished for the Quaternary Research Association.
=540  \\$aCurrent Copyright Fee: GBP46.00$c35\0$5Uk
=650  \0$aGeology, Stratigraphic$yQuaternary$vPeriodicals.
=650  \0$aPaleontology$yQuaternary$vPeriodicals.
=710  2\$aQuaternary Research Association (Great Britain)
=776  1\$tJournal of quaternary science$x0267-8179
=859  \\$aELD$bejournal
=856  \\$31850-9999$uhttp://onlinelibrary.wiley.com/$xBLDSS
=852  41$aBritish Library$bSTI$jELD Digital store$3Volume 28:Number 1(2013)-***Previous issues available in print copy
=852  41$aBritish Library$bDSC$j5043.752000$3Volume 21:Issue 1(2006)-Volume 29:Issue 8(2014)***See ESTAR for full holdings.
=945  \\$aJOURNAL OF QUATERNARY SCIENCE
=959  \\$fHeld but not currently received
=CAT  \\$a7332$b40$c20051125$lBLL01$h1242
=CAT  \\$aBATCH-UPD$b40$c20060901$lBLL01$h0959
=CAT  \\$aBATCH-UPD$b40$c20060901$lBLL01$h1030
=CAT  \\$aBATCH-UPD$b40$c20101116$lBLL01$h1334
=CAT  \\$aIPL-CLA$c20101231$lBLL01$h1517
=CAT  \\$aWR12_168$c20121206$lBLL01$h1816
=CAT  \\$a8201$b40$c20130520$lBLL01$h1447
=CAT  \\$aBATCH-CLA$b00$c20130526$lBLL01$h1649
=CAT  \\$aWR13.114$c20130717$lBLL01$h1313
=CAT  \\$aBATCH-PORT$c20130829$lBLL01$h1114
=CAT  \\$aWR14_009$c20140204$lBLL01$h2343
=CAT  \\$aBLDSS-3PM$b00$c20141214$lBLL01$h1523
=CAT  \\$aBATCH-UPD$b00$c20150215$lBLL01$h1657
=CAT  \\$aIPL-CLA$c20150228$lBLL01$h2049
=CAT  \\$aCDS15-UPD$b40$c20150918$lBLL01$h1639
=CAT  \\$aBATCH-UPD$b40$c20160530$lBLL01$h0002
=CAT  \\$aW1711-1005$c20171206$lBLL01$h1818
=CAT  \\$aBATCH-UPD$b00$c20180219$lBLL01$h1748
=CAT  \\$aBATCH-UPD$b00$c20181121$lBLL01$h1622
=CAT  \\$aIPL-CLA$c20181231$lBLL01$h1543
=CAT  \\$aR1911-0245$c20191127$lBLL01$h0944
=CAT  \\$aR1911-0245$c20191127$lBLL01$h1045
=CAT  \\$aIPL-CLA$c20191231$lBLL01$h1936
=CAT  \\$a8055$b40$c20221230$lBLL01$h1106
=CAT  \\$aIPL-CLA$c20221231$lBLL01$h1446
=CFI  0\$aCurrent Copyright Fee: GBP46.00$c35\0$e01-jan-2023$fGBP46.00$g0$hP$5Uk
=CFI  2\$aPrevious Copyright Fee: GBP39.00$c35\0$e01-jan-2020$fGBP39.00$g0$hP$5Uk
=EST  \\$a1
=FFP  \\$aY$bBLDSS-3PM
=FIN  \\$aY$d20051125
=MNI  \\$a0267-8179
=SID  \\$aZ39$bOCLC
=TCO  \\$aTRS$bCCC$c008
=TCO  \\$aCLA$bCLA$c008
=TOC  \\$aETOC
=UNO  \\$aY
=ACF  \\$aPrevious Copyright Fee: GBP17.00$c35\0$e01-apr-2005$fGBP17.00$g0$hP$5Uk
=ACF  \\$aPrevious copyright fee: GBP22.00$c35\0$e01-jan-2011$fGBP22.00$g0$hP$5Uk
=ACF  \\$aPrevious copyright fee: GBP24.00$c35\0$e01-mar-2015$fGBP24.00$g0$hP$5Uk
=ACF  \\$aPrevious copyright fee: GBP28.00$c35\0$e01-jan-2019$fGBP28.00$g0$hP$5Uk
=LAS  \\$aIPL-CLA$b00$c20221231$lBLL01$h1446

