=LDR  04460cas a2201069 a 4500
=001  013345911
=003  Uk
=005  20221018111501.0
=006  m\\\\\\\\d\\\\\\\\
=007  cr\cnu\\\\\\\\
=008  030725c20039999njubr1pss\\\\\0\\\a0eng\d
=FMT  \\$a  SE
=010  \\$a2004212587
=022  0\$a1552-4957$y1552-4949$y1097-0320
=037  \\$aISSN_15524949$bPortico$nWiley
=040  \\$aHUA$cHUA$dOCLCQ$dNSD$dUk
=042  \\$ansdp$aukblsr
=050  10$aISSN RECORD
=050  14$aRB43
=082  04$a616.07582$222
=130  0\$aCytometry.$nPart B,$pClinical cytometry (Online)
=210  0\$aCytometry, Part B Clin. cytom.$b(Online)
=222  \0$aCytometry. Part B, Clinical cytometry$b(Online)
=245  10$aCytometry.$nPart B,$pClinical cytometry$h[electronic resource].
=246  30$aClinical cytometry
=260  \\$a[Hoboken, N.J.] :$bWiley,$c2003-
=310  \\$aBimonthly
=336  \\$atext$2rdacontent
=337  \\$acomputer$2rdamedia
=338  \\$aonline resource$2rdacarrier
=362  0\$aVol. 51B, issue 1 (Jan. 2003)-
=500  \\$aTitle from table of contents screen (Wiley InterScience, viewed Apr. 7, 2003).
=500  \\$aLatest issue consulted: Vol. 61B, issue 1 (Sept. 2004) (Wiley InterScience, viewed Sept. 16, 2004).
=515  \\$aSix vols. of one issue, 2003-
=530  \\$aAlso issued in print.
=538  \\$aMode of access: World Wide Web.
=550  \\$a"An official publication of the Clinical Cytometry Society and the International Society for Analytical Cytology."
=540  \\$aCurrent copyright fee: GBP39.00$c35\0$5Uk
=650  \0$aFlow cytometry$xDiagnostic use$vPeriodicals.
=650  \0$aCytodiagnosis$vPeriodicals.
=710  2\$aInternational Society for Analytical Cytology.
=710  2\$aClinical Cytometry Society.
=776  1\$tCytometry. Part B, Clinical cytometry$x1552-4949
=780  01$tCytometry (Online)$x1097-0320
=859  \\$aELD$bejournal
=856  \\$31850-9999$uhttp://onlinelibrary.wiley.com/$xBLDSS
=852  41$aBritish Library$bDSC$j3506.855200$3Volume 68:Issue 1(2005)-Volume 86:Number 6(2014)***See ESTAR for full holdings.
=852  41$aBritish Library$bHMNTS$jELD Digital store$3Volume 84B:Issue 1(2013)-***Previous issues available in print copy
=945  \\$aCYTOMETRY PART B CLINICAL CYTOMETRY.
=959  \\$fHeld but not currently received
=979  \\$aBritish Library$bDSC$j3506.855200
=985  \\$aCONFERENCE ANALYTIC RECORDS EXIST
=CAT  \\$a8141$b40$c20051125$lBLL01$h1302
=CAT  \\$aBATCH-UPD$b40$c20060901$lBLL01$h0959
=CAT  \\$aBATCH-UPD$b40$c20060901$lBLL01$h1030
=CAT  \\$aBATCH-UPD$b40$c20101116$lBLL01$h1334
=CAT  \\$aIPL-CLA$c20101231$lBLL01$h1517
=CAT  \\$a8342$b40$c20121002$lBLL01$h1157
=CAT  \\$aWR13.005$c20130323$lBLL01$h1330
=CAT  \\$a10983$b40$c20140416$lBLL01$h1215
=CAT  \\$a10983$b40$c20140416$lBLL01$h1233
=CAT  \\$aBLDSS-3PM$b00$c20141214$lBLL01$h1523
=CAT  \\$aBATCH-UPD$b00$c20150215$lBLL01$h1657
=CAT  \\$aIPL-CLA$c20150228$lBLL01$h2049
=CAT  \\$aCDS15-UPD$b40$c20150918$lBLL01$h1639
=CAT  \\$aBATCH-UPD$b40$c20160615$lBLL01$h2050
=CAT  \\$aW1711-1005$c20171206$lBLL01$h1818
=CAT  \\$aBATCH-UPD$b00$c20180219$lBLL01$h1748
=CAT  \\$aBATCH-UPD$b00$c20181121$lBLL01$h1622
=CAT  \\$aIPL-CLA$c20181231$lBLL01$h1543
=CAT  \\$a5410$b40$c20191104$lBLL01$h1516
=CAT  \\$aR1911-0245$c20191127$lBLL01$h0823
=CAT  \\$aR1911-0245$c20191127$lBLL01$h1045
=CAT  \\$aIPL-CLA$c20191231$lBLL01$h1936
=CAT  \\$aW2111-0842$c20211208$lBLL01$h1942
=CAT  \\$aIPL-CLA$c20211231$lBLL01$h1543
=CAT  \\$a5410$b40$c20221018$lBLL01$h1115
=CFI  0\$aCurrent copyright fee: GBP39.00$c35\0$e01-jan-2022$fGBP39.00$g0$hP$5Uk
=CFI  2\$aPrevious Copyright Fee: GBP32.00$c35\0$e01-jan-2020$fGBP32.00$g0$hP$5Uk
=EST  \\$a1
=FFP  \\$aY$bBLDSS-3PM
=FIN  \\$aY$d20051125
=MNI  \\$a1552-4949
=SID  \\$aZ39$bOCLC
=TCO  \\$aTRS$bCCC$c008
=TOC  \\$aETOC
=UNO  \\$aY
=ACF  \\$aPrevious Copyright Fee: GBP17.00$c35\0$e01-apr-2005$fGBP17.00$g0$hP$5Uk
=ACF  \\$aPrevious copyright fee: GBP22.00$c35\0$e01-jan-2011$fGBP22.00$g0$hP$5Uk
=ACF  \\$aPrevious copyright fee: GBP24.00$c35\0$e01-mar-2015$fGBP24.00$g0$hP$5Uk
=ACF  \\$aPrevious copyright fee: GBP28.00$c35\0$e01-jan-2019$fGBP28.00$g0$hP$5Uk
=LAS  \\$a5410$b40$c20221018$lBLL01$h1115

