=LDR  05059cas a2201093 a 4500
=001  013345936
=003  Uk
=005  20191231193644.0
=006  m\\\\\o\\u\\\\\\\\
=007  cr\cnu||||||||
=008  971230c19959999enkmx1pso\\\\\0\\\a0eng\d
=FMT  \\$a  SE
=010  \\$asn 97001342
=015  \\$aGBA600212$2bnb
=022  0\$a1096-9888$l1076-5174$21
=037  \\$bJournals Subscriptions Department, John Wiley and Sons, Ltd., 1 Oldlands Way, Bognor Regis, West Sussex PO22 9SA, UK
=037  \\$aISSN_10765174$bPortico$nWiley
=040  \\$aNSD$cNSD$dOCL$dIUL$dNSD$dIUL$dOCLCQ$dIUL$dUk
=042  \\$ansdp$aukblsr
=050  \4$aQD95$b.A107
=082  04$a543.65$222
=130  0\$aJournal of mass spectrometry (Online)
=210  0\$aJ. mass spectrom.$b(Online)
=222  \0$aJournal of mass spectrometry$b(Online)
=245  10$aJournal of mass spectrometry$h[electronic resource].
=246  13$aJMS
=260  \\$aChichester$aNew York, NY :$bJohn Wiley & Sons
=310  \\$aTwelve no. a year
=336  \\$atext$2rdacontent
=337  \\$acomputer$2rdamedia
=338  \\$aonline resource$2rdacarrier
=362  1\$aPrint began with vol. 30, no. 1 (Jan. 1995).
=500  \\$aDescription based on: Vol. 31, issue 1 (Jan. 1996; title from table of contents (viewed Jan. 11, 2001).
=500  \\$aLatest issue consulted: Vol. 40, issue 10 (Oct. 2005); viewed: Nov. 11, 2005.
=515  \\$aContinues the numbering of OMS, Organic mass spectrometry.
=525  \\$aSpecial 1995 combined issue with Rapid communications in mass spectrometry: Third International Symposium on Applied Mass Spectrometry in the Health Sciences and the European Tandem Mass Spectrometry Conference, Barcelona, July 9-13, 1995.
=530  \\$aAlso issued in print.
=538  \\$aMode of access: World Wide Web.
=580  \\$aFormed by the union of: OMS, Organic mass spectrometry (Online); and: Biological mass spectrometry (Online), continuing the numbering of the former.
=540  \\$aCurrent Copyright Fee: GBP39.00$c35\0$5Uk
=650  \0$aMass spectrometry$vPeriodicals.
=710  2\$aWiley InterScience (Online service)
=711  2\$aInternational Symposium on Applied Mass Spectrometry in the Health Sciences.
=711  2\$aEuropean Tandem Mass Spectrometry Conference.
=730  0\$aRapid communications in mass spectrometry.
=740  02$aInternational Symposium on Applied Mass Spectrometry in the Health Sciences and the European Tandem Mass Spectrometry Conference.
=776  1\$tJournal of mass spectrometry$x1076-5174
=780  14$tOMS, Organic mass spectrometry (Online)
=780  14$tBiological mass spectrometry (Online)
=787  1\$tRapid communications in mass spectrometry. RCM (Online)$x1097-0231
=859  \\$aELD$bejournal
=856  \\$31850-9999$uhttp://onlinelibrary.wiley.com/$xBLDSS
=852  41$aBritish Library$bSTI$jELD Digital store$3Volume 48:Number 1(2013:Jan.)-***Previous issues available in print copy
=852  41$aBritish Library$bDSC$j5012.179500$3Volume 41:Issue 1(2006)-Volume 49:Issue 12(2014)***See ESTAR for full holdings.
=945  \\$aJOURNAL OF MASS SPECTROMETRY.
=959  \\$fHeld but not currently received
=CAT  \\$a7332$b40$c20051125$lBLL01$h1334
=CAT  \\$aBATCH-UPD$b40$c20060901$lBLL01$h0959
=CAT  \\$aBATCH-UPD$b40$c20060901$lBLL01$h1030
=CAT  \\$aBATCH-UPD$b40$c20101116$lBLL01$h1334
=CAT  \\$aIPL-CLA$c20101231$lBLL01$h1517
=CAT  \\$aWR12_168$c20121206$lBLL01$h1816
=CAT  \\$aWR13.005$c20130323$lBLL01$h1330
=CAT  \\$a8874$b40$c20130523$lBLL01$h1025
=CAT  \\$aWR13.114$c20130717$lBLL01$h1313
=CAT  \\$aBATCH-PORT$c20130829$lBLL01$h1114
=CAT  \\$aWR14_009$c20140204$lBLL01$h2343
=CAT  \\$aWR14_140$c20140905$lBLL01$h1810
=CAT  \\$aBLDSS-3PM$b00$c20141214$lBLL01$h1523
=CAT  \\$aBATCH-UPD$b00$c20150215$lBLL01$h1657
=CAT  \\$aIPL-CLA$c20150228$lBLL01$h2049
=CAT  \\$aCDS15-UPD$b40$c20150918$lBLL01$h1639
=CAT  \\$aBATCH-UPD$b40$c20160519$lBLL01$h1434
=CAT  \\$aW1711-1005$c20171206$lBLL01$h1818
=CAT  \\$aBATCH-UPD$b00$c20180219$lBLL01$h1748
=CAT  \\$aBATCH-UPD$b00$c20181121$lBLL01$h1622
=CAT  \\$aIPL-CLA$c20181231$lBLL01$h1543
=CAT  \\$aR1911-0245$c20191127$lBLL01$h0944
=CAT  \\$aR1911-0245$c20191127$lBLL01$h1045
=CAT  \\$aIPL-CLA$c20191231$lBLL01$h1936
=CFI  0\$aCurrent Copyright Fee: GBP39.00$c35\0$e01-jan-2020$fGBP39.00$g0$hP$5Uk
=CFI  2\$aPrevious copyright fee: GBP28.00$c35\0$e01-jan-2019$fGBP28.00$g0$hP$5Uk
=EST  \\$a1
=FFP  \\$aY$bBLDSS-3PM
=FIN  \\$aY$d20051125
=MNI  \\$a1076-5174
=SID  \\$aZ39$bOCLC
=TCO  \\$aCLA$bCLA$c008
=TOC  \\$aETOC
=UNO  \\$aY
=ACF  \\$aPrevious Copyright Fee: GBP17.00$c35\0$e01-apr-2005$fGBP17.00$g0$hP$5Uk
=ACF  \\$aPrevious copyright fee: GBP22.00$c35\0$e01-jan-2011$fGBP22.00$g0$hP$5Uk
=ACF  \\$aPrevious copyright fee: GBP24.00$c35\0$e01-mar-2015$fGBP24.00$g0$hP$5Uk
=LAS  \\$aIPL-CLA$b00$c20191231$lBLL01$h1936

