=LDR  04430cas a2201057 a 4500
=001  013345937
=003  Uk
=005  20211231154320.0
=006  m\\\\\o\\d\\\\\\\\
=007  cr\cn|||||||||
=008  000718c20019999enkqx1pso\\\\\0\\\a0eng\d
=FMT  \\$a  SE
=010  \\$a00213916
=015  \\$aGBA600216$2bnb
=022  0\$a1531-0361$l1531-0361$y1531-0353$21
=037  \\$bJournals Subscription Department, John Wiley & Sons, Ltd., 1 Oldlands Way, Bognor Regis, West Sussex, PO22 9SA, U.K.$c{dollar}250.00
=037  \\$aISSN_15310353$bPortico$nWiley
=040  \\$aNSD$cNSD$dEYM$dOCLCQ$dDLC$dNSD$dOCLCQ$dUk
=042  \\$ansdp$aukblsr
=050  14$aTC801$b.I35
=050  10$aISSN RECORD
=082  04$a627.52$222
=130  0\$aIrrigation and drainage (Online)
=210  0\$aIrrig. drain.$b(Online)
=222  \0$aIrrigation and drainage$b(Online)
=245  10$aIrrigation and drainage$h[electronic resource] :$bthe journal of the International Commission on Irrigation & Drainage.
=246  30$aJournal of the International Commission on Irrigation & Drainage
=260  \\$aChichester, West Sussex, U.K. :$bJohn Wiley & Sons,$cc2001-
=310  \\$aFour times a year
=336  \\$atext$2rdacontent
=337  \\$acomputer$2rdamedia
=338  \\$aonline resource$2rdacarrier
=362  0\$aVol. 50, issue 1 (Mar. 2001)-
=500  \\$aTitle from homepage (viewed July 16, 2001).
=500  \\$aLatest issue consulted: Vol. 50, issue 2 (June 2001).
=530  \\$aAlso issued in print.
=538  \\$aMode of access: World Wide Web.
=540  \\$aCurrent copyright fee: GBP39.00$c35\0$5Uk
=650  \0$aIrrigation engineering$vPeriodicals.
=650  \0$aDrainage$vPeriodicals.
=650  \0$aFlood control$vPeriodicals.
=650  \0$aSustainable agriculture$vPeriodicals.
=710  2\$aInternational Commission on Irrigation and Drainage.
=710  2\$aWiley InterScience (Online service)
=776  1\$tIrrigation and drainage$x1531-0353
=859  \\$aELD$bejournal
=856  \\$31850-9999$uhttp://onlinelibrary.wiley.com/$xBLDSS
=852  41$aBritish Library$bSTI$jELD Digital store$3Volume 62:Number 1(2013:Feb.)-***Previous issues available in print copy
=852  41$aBritish Library$bDSC$j4580.946000$3Volume 55:Issue 1(2006)-Volume 60:Issue 5(2011)***See ESTAR for full holdings.
=945  \\$aIRRIGATION AND DRAINAGE -CHICHESTER-
=959  \\$fHeld but not currently received
=CAT  \\$a3072$b40$c20051125$lBLL01$h1334
=CAT  \\$a3072$b40$c20051125$lBLL01$h1337
=CAT  \\$aBATCH-UPD$b40$c20060901$lBLL01$h0959
=CAT  \\$aBATCH-UPD$b40$c20060901$lBLL01$h1030
=CAT  \\$aBATCH-UPD$b40$c20101116$lBLL01$h1334
=CAT  \\$aIPL-CLA$c20101231$lBLL01$h1517
=CAT  \\$aCDS12-UPD$b40$c20120402$lBLL01$h1434
=CAT  \\$a8874$b40$c20130517$lBLL01$h1442
=CAT  \\$aWR13.114$c20130717$lBLL01$h1313
=CAT  \\$aBATCH-PORT$c20130829$lBLL01$h1113
=CAT  \\$aWR14_009$c20140204$lBLL01$h2342
=CAT  \\$aWR14_140$c20140905$lBLL01$h1810
=CAT  \\$aBLDSS-3PM$b00$c20141214$lBLL01$h1523
=CAT  \\$aBATCH-UPD$b00$c20150215$lBLL01$h1657
=CAT  \\$aIPL-CLA$c20150228$lBLL01$h2049
=CAT  \\$aBATCH-UPD$b00$c20160531$lBLL01$h1518
=CAT  \\$aW1711-1005$c20171206$lBLL01$h1818
=CAT  \\$aBATCH-UPD$b00$c20180219$lBLL01$h1748
=CAT  \\$aBATCH-UPD$b00$c20181121$lBLL01$h1622
=CAT  \\$aIPL-CLA$c20181231$lBLL01$h1543
=CAT  \\$aR1911-0245$c20191127$lBLL01$h0823
=CAT  \\$aR1911-0245$c20191127$lBLL01$h1045
=CAT  \\$aIPL-CLA$c20191231$lBLL01$h1936
=CAT  \\$aW2111-0842$c20211208$lBLL01$h1942
=CAT  \\$aIPL-CLA$c20211231$lBLL01$h1543
=CFI  0\$aCurrent copyright fee: GBP39.00$c35\0$e01-jan-2022$fGBP39.00$g0$hP$5Uk
=CFI  2\$aPrevious Copyright Fee: GBP32.00$c35\0$e01-jan-2020$fGBP32.00$g0$hP$5Uk
=EST  \\$a1
=FFP  \\$aY$bBLDSS-3PM
=FIN  \\$aY$d20051125
=MNI  \\$a1531-0353
=SID  \\$aZ39$bOCLC
=TCO  \\$aCLA$bCLA$c008
=TOC  \\$aETOC
=UNO  \\$aY
=ACF  \\$aPrevious Copyright Fee: GBP17.00$c35\0$e01-apr-2005$fGBP17.00$g0$hP$5Uk
=ACF  \\$aPrevious copyright fee: GBP22.00$c35\0$e01-jan-2011$fGBP22.00$g0$hP$5Uk
=ACF  \\$aPrevious copyright fee: GBP24.00$c35\0$e01-mar-2015$fGBP24.00$g0$hP$5Uk
=ACF  \\$aPrevious copyright fee: GBP28.00$c35\0$e01-jan-2019$fGBP28.00$g0$hP$5Uk
=LAS  \\$aIPL-CLA$b00$c20211231$lBLL01$h1543

