=LDR  04206cas a2201021 a 4500
=001  013345944
=003  Uk
=005  20211231154320.0
=006  m\\\\\\\\d\\\\\\\\
=007  cr\mnu\\\\\\\\
=008  990628c19869999njubr1pss\\\\\0\\\a0eng\d
=FMT  \\$a  SE
=010  \\$asn 99035014$zsn 98023001
=015  \\$aGBA600217$2bnb
=022  0\$a1099-1255$y0883-7252
=037  \\$aISSN_08837252$bPortico$nWiley
=040  \\$aDLM$cDLM$dIUL$dNSD$dOCLCQ$dGUA$dOCLCQ$dEYM$dOCLCQ$dUk
=042  \\$aukblsr$ansdp
=050  14$aHB139
=082  04$a330.015195$222
=130  0\$aJournal of applied econometrics (Online)
=210  0\$aJ. appl. econ.$b(Chichester Engl., Online)
=222  \0$aJournal of applied econometrics$b(Chichester, England. Online)
=245  10$aJournal of applied econometrics$h[electronic resource].
=246  30$aApplied econometrics
=260  \\$aChichester ;$aNew York :$bJohn Wiley & Sons,$cc1986-
=310  \\$aBimonthly,$b1996-
=321  \\$aQuarterly,$b1986-1995
=336  \\$atext$2rdacontent
=337  \\$acomputer$2rdamedia
=338  \\$aonline resource$2rdacarrier
=362  0\$aVol. 1, no. 1 (Jan. 1986)-
=500  \\$aHas special issues with distinctive titles.
=500  \\$aTitle from PDF cover (JSTOR, viewed Apr. 22, 2004).
=500  \\$aLatest issue consulted: Vol. 19, issue 2 (Mar./Apr. 2004) (InterScience, viewed Apr. 22, 2004).
=538  \\$aMode of access: World Wide Web.
=540  \\$aCurrent copyright fee: GBP39.00$c35\0$5Uk
=650  \0$aEconometrics$vPeriodicals.
=690  7\$aManagement and Business Studies$2blcoll
=776  08$iPrint version:$tJournal of applied econometrics$x0883-7252
=859  \\$aELD$bejournal
=856  \\$31850-9999$uhttp://onlinelibrary.wiley.com/$xBLDSS
=852  41$aBritish Library$bSTI$jELD Digital store$3Volume 28:Number 1(2013)-***Previous issues available in print copy
=852  41$aBritish Library$bDSC$j4942.520000$3Volume 21:Issue 1(2006)-Volume 29:Issue 7(2014)***See ESTAR for full holdings.
=945  \\$aJOURNAL OF APPLIED ECONOMETRICS
=959  \\$fHeld but not currently received
=CAT  \\$a3072$b40$c20051125$lBLL01$h1344
=CAT  \\$aBATCH-UPD$b40$c20060901$lBLL01$h0959
=CAT  \\$aBATCH-UPD$b40$c20060901$lBLL01$h1030
=CAT  \\$aBATCH$b00$c20090624$lBLL01$h1707
=CAT  \\$aBATCH-UPD$b00$c20101116$lBLL01$h1334
=CAT  \\$aIPL-CLA$c20101231$lBLL01$h1517
=CAT  \\$aWR12_168$c20121206$lBLL01$h1816
=CAT  \\$aBATCH-CLA$b00$c20130526$lBLL01$h1647
=CAT  \\$aWR13.114$c20130717$lBLL01$h1313
=CAT  \\$aBATCH-PORT$c20130829$lBLL01$h1113
=CAT  \\$aWR14_009$c20140204$lBLL01$h2342
=CAT  \\$aWR14_140$c20140905$lBLL01$h1810
=CAT  \\$aBLDSS-3PM$b00$c20141214$lBLL01$h1523
=CAT  \\$aBATCH-UPD$b00$c20150215$lBLL01$h1657
=CAT  \\$aIPL-CLA$c20150228$lBLL01$h2049
=CAT  \\$aCDS15-UPD$b40$c20150918$lBLL01$h1639
=CAT  \\$aBATCH-UPD$b40$c20160519$lBLL01$h1427
=CAT  \\$aW1711-1005$c20171206$lBLL01$h1818
=CAT  \\$aBATCH-UPD$b00$c20180219$lBLL01$h1748
=CAT  \\$aBATCH-UPD$b00$c20181121$lBLL01$h1622
=CAT  \\$aIPL-CLA$c20181231$lBLL01$h1543
=CAT  \\$aR1911-0245$c20191127$lBLL01$h0823
=CAT  \\$aR1911-0245$c20191127$lBLL01$h1045
=CAT  \\$aIPL-CLA$c20191231$lBLL01$h1936
=CAT  \\$aW2111-0842$c20211208$lBLL01$h1942
=CAT  \\$aIPL-CLA$c20211231$lBLL01$h1543
=CFI  0\$aCurrent copyright fee: GBP39.00$c35\0$e01-jan-2022$fGBP39.00$g0$hP$5Uk
=CFI  2\$aPrevious Copyright Fee: GBP32.00$c35\0$e01-jan-2020$fGBP32.00$g0$hP$5Uk
=EST  \\$a1
=FFP  \\$aY$bBLDSS-3PM
=FIN  \\$aY$d20051125
=MNI  \\$a0883-7252
=SID  \\$aZ39$bOCLC
=TCO  \\$aTRS$bCCC$c008
=TCO  \\$aCLA$bCLA$c008
=TOC  \\$aETOC
=UNO  \\$aY
=ACF  \\$aPrevious Copyright Fee: GBP17.00$c35\0$e01-apr-2005$fGBP17.00$g0$hP$5Uk
=ACF  \\$aPrevious copyright fee: GBP22.00$c35\0$e01-jan-2011$fGBP22.00$g0$hP$5Uk
=ACF  \\$aPrevious copyright fee: GBP24.00$c35\0$e01-mar-2015$fGBP24.00$g0$hP$5Uk
=ACF  \\$aPrevious copyright fee: GBP28.00$c35\0$e01-jan-2019$fGBP28.00$g0$hP$5Uk
=LAS  \\$aIPL-CLA$b00$c20211231$lBLL01$h1543

