=LDR  04023cas a2201009 a 4500
=001  013346009
=003  Uk
=005  20191231193645.0
=006  m\\\\\o\\d\\\\\\\\
=007  cr\cnu||||||||
=008  990628c19889999nyuqr1pso\\\\\0\\\a0eng\d
=FMT  \\$a  SE
=010  \\$asn 99035016
=015  \\$aGBB350719$2bnb
=022  0\$a1099-0771$l0894-3257$y0894-3257$21
=037  \\$aISSN_08943257$bPortico$nWiley
=040  \\$aDLM$cDLM$dIUL$dNSD$dOCLCQ$dEYM$dOCLCQ$dMUQ$dUk
=042  \\$aukblsr$ansdp
=050  14$aBF448
=082  04$a153.83$222
=130  0\$aJournal of behavioral decision making (Online)
=210  0\$aJ. behav. decis. mak.$b(Online)
=222  \0$aJournal of behavioral decision making$b(Online)
=245  10$aJournal of behavioral decision making$h[electronic resource].
=246  30$aBehavioral decision making
=260  \\$aNew York :$bWiley
=310  \\$aQuarterly
=336  \\$atext$2rdacontent
=337  \\$acomputer$2rdamedia
=338  \\$aonline resource$2rdacarrier
=362  1\$aPrint began with vol. 1, no. 1 (Jan.-Mar. 1988).
=500  \\$aTitle from journal home page.
=500  \\$aLatest issue consulted: Vol. 12, issue 4 (Dec. 1999).
=525  \\$aSpecial issues accompany some volumes.
=530  \\$aAlso issued in print.
=538  \\$aMode of access: World Wide Web.
=540  \\$aCurrent Copyright Fee: GBP39.00$c35\0$5Uk
=650  \0$aDecision making$vPeriodicals.
=650  \0$aManagerial economics$vPeriodicals.
=650  \2$aBehavior$vPeriodicals.
=650  \2$aDecision Making$vPeriodicals.
=650  \6$aPrise de décision$vPériodiques.
=650  \6$aÉconomie d'entreprise$vPériodiques.
=776  1\$tJournal of behavioral decision making$x0894-3257
=859  \\$aELD$bejournal
=856  \\$31850-9999$uhttp://onlinelibrary.wiley.com/$xBLDSS
=852  41$aBritish Library$bHMNTS$jELD Digital store$3Volume 26:Number 1(2013:Jan.)-***Previous issues available in print copy
=852  41$aBritish Library$bDSC$j4951.256600$3Volume 19:Issue 1(2006)-Volume 24:Issue 5(2011)***See ESTAR for full holdings.
=945  \\$aJOURNAL OF BEHAVIORAL DECISION MAKING
=959  \\$fHeld but not currently received
=CAT  \\$a3072$b40$c20051125$lBLL01$h1425
=CAT  \\$a3072$b40$c20051125$lBLL01$h1428
=CAT  \\$aBATCH-UPD$b40$c20060901$lBLL01$h0959
=CAT  \\$aBATCH-UPD$b40$c20060901$lBLL01$h1030
=CAT  \\$aBATCH-UPD$b40$c20101116$lBLL01$h1334
=CAT  \\$aIPL-CLA$c20101231$lBLL01$h1517
=CAT  \\$aCDS12-UPD$b40$c20120402$lBLL01$h1434
=CAT  \\$aWR12_168$c20121206$lBLL01$h1816
=CAT  \\$a8874$b40$c20130523$lBLL01$h1140
=CAT  \\$aWR13.114$c20130717$lBLL01$h1313
=CAT  \\$aBATCH-PORT$c20130829$lBLL01$h1113
=CAT  \\$aWR14_009$c20140204$lBLL01$h2342
=CAT  \\$aBLDSS-3PM$b00$c20141214$lBLL01$h1523
=CAT  \\$aBATCH-UPD$b00$c20150215$lBLL01$h1657
=CAT  \\$aIPL-CLA$c20150228$lBLL01$h2049
=CAT  \\$aBATCH-UPD$b00$c20160530$lBLL01$h0003
=CAT  \\$aW1711-1005$c20171206$lBLL01$h1818
=CAT  \\$aBATCH-UPD$b00$c20180219$lBLL01$h1748
=CAT  \\$aBATCH-UPD$b00$c20181121$lBLL01$h1622
=CAT  \\$aIPL-CLA$c20181231$lBLL01$h1543
=CAT  \\$aR1911-0245$c20191127$lBLL01$h0944
=CAT  \\$aR1911-0245$c20191127$lBLL01$h1045
=CAT  \\$aIPL-CLA$c20191231$lBLL01$h1936
=CFI  0\$aCurrent Copyright Fee: GBP39.00$c35\0$e01-jan-2020$fGBP39.00$g0$hP$5Uk
=CFI  2\$aPrevious copyright fee: GBP28.00$c35\0$e01-jan-2019$fGBP28.00$g0$hP$5Uk
=EST  \\$a1
=FFP  \\$aY$bBLDSS-3PM
=FIN  \\$aY$d20051125
=MNI  \\$a0894-3257
=SID  \\$aZ39$bOCLC
=TCO  \\$aTRS$bCCC$c008
=TOC  \\$aETOC
=UNO  \\$aY
=ACF  \\$aPrevious Copyright Fee: GBP17.00$c35\0$e01-apr-2005$fGBP17.00$g0$hP$5Uk
=ACF  \\$aPrevious copyright fee: GBP22.00$c35\0$e01-jan-2011$fGBP22.00$g0$hP$5Uk
=ACF  \\$aPrevious copyright fee: GBP24.00$c35\0$e01-mar-2015$fGBP24.00$g0$hP$5Uk
=LAS  \\$aIPL-CLA$b00$c20191231$lBLL01$h1936

