=LDR  04051cas a2200973 a 4500
=001  013346448
=003  Uk
=005  20211231154321.0
=006  m\\\\\\\\d\\\\\\\\
=007  cr\an|||||||||
=008  010821c19939999xxuqr\p\o\\\\\0\\\a0eng\d
=FMT  \\$a  SE
=010  \\$a2003214021
=015  \\$aGBB436079$2bnb
=022  0\$a1547-5913$y1066-8527
=037  \\$aISSN_10668527$bPortico$nWiley
=040  \\$aHNK$cHNK$dOCLCQ$dNSD$dOCLCQ$dUk
=042  \\$aukblsr
=082  10$a660$222
=130  0\$aProcess safety progress (Online)
=210  0\$aProcess saf. prog.$b(Online)
=222  \0$aProcess safety progress$b(Online)
=245  10$aProcess safety progress$h[electronic resource].
=260  \\$aNew York, N.Y. :$bAmerican Institute of Chemical Engineers
=264  31$a[Hoboken] :$b[Wiley]
=310  \\$aQuarterly
=336  \\$atext$2rdacontent
=337  \\$acomputer$2rdamedia
=338  \\$aonline resource$2rdacarrier
=362  1\$aPrint began in 1993.
=550  \\$a"Published on behalf of AIChE", <March 2014- >.
=588  \\$aDescription based on: Vol. 17, iss. 1 (spring 1998); title from title information screen (viewed July 21, 2001).
=588  \\$aLatest issue consulted: volume 33, issue 1 (March 2014) (Wiley Online Library, viewed April 3, 2014).
=540  \\$aCurrent copyright fee: GBP39.00$c35\0$5Uk
=650  \0$aChemical plants$xManagement$vPeriodicals.
=710  2\$aAmerican Institute of Chemical Engineers,$eissuing body.
=776  08$iAlso issued in print as:$tProcess safety progress$x1066-8527
=859  \\$aELD$bejournal
=856  \\$31850-9999$uhttp://onlinelibrary.wiley.com/$xBLDSS
=852  41$aBritish Library$bHMNTS$jELD Digital store$3Volume 32:Issue 1(2013:Mar.)-***Previous issues available in print copy
=852  41$aBritish Library$bDSC$j6849.990570$3Volume 25:Issue 1(2006)-Volume 39:Issue 4(2020)***See ESTAR for full holdings.
=945  \\$aPROCESS SAFETY PROGRESS
=959  \\$fHeld but not currently received
=CAT  \\$a11281$b40$c20051128$lBLL01$h1046
=CAT  \\$a11281$b40$c20051128$lBLL01$h1058
=CAT  \\$aBATCH-UPD$b40$c20060901$lBLL01$h0959
=CAT  \\$aBATCH-UPD$b40$c20060901$lBLL01$h1030
=CAT  \\$aBATCH-UPD$b40$c20101116$lBLL01$h1334
=CAT  \\$aIPL-CLA$c20101231$lBLL01$h1517
=CAT  \\$aWR13.005$c20130323$lBLL01$h1330
=CAT  \\$a8323$b40$c20140403$lBLL01$h0951
=CAT  \\$a10983$b40$c20140407$lBLL01$h1042
=CAT  \\$aBLDSS-3PM$b00$c20141214$lBLL01$h1523
=CAT  \\$aBATCH-UPD$b00$c20150215$lBLL01$h1657
=CAT  \\$aIPL-CLA$c20150228$lBLL01$h2049
=CAT  \\$aCDS15-UPD$b40$c20150918$lBLL01$h1639
=CAT  \\$aBATCH-UPD$b40$c20160616$lBLL01$h1238
=CAT  \\$aW1711-1005$c20171206$lBLL01$h1818
=CAT  \\$aBATCH-UPD$b00$c20180219$lBLL01$h1748
=CAT  \\$a6558$b40$c20180628$lBLL01$h1124
=CAT  \\$a6558$b40$c20180628$lBLL01$h1228
=CAT  \\$aBATCH-UPD$b40$c20181121$lBLL01$h1622
=CAT  \\$aIPL-CLA$c20181231$lBLL01$h1543
=CAT  \\$aR1911-0245$c20191127$lBLL01$h0823
=CAT  \\$aR1911-0245$c20191127$lBLL01$h1045
=CAT  \\$aIPL-CLA$c20191231$lBLL01$h1936
=CAT  \\$a12654$b40$c20210204$lBLL01$h0851
=CAT  \\$aW2111-0842$c20211208$lBLL01$h1942
=CAT  \\$aIPL-CLA$c20211231$lBLL01$h1543
=CFI  0\$aCurrent copyright fee: GBP39.00$c35\0$e01-jan-2022$fGBP39.00$g0$hP$5Uk
=CFI  2\$aPrevious Copyright Fee: GBP32.00$c35\0$e01-jan-2020$fGBP32.00$g0$hP$5Uk
=EST  \\$a1
=FFP  \\$aY$bBLDSS-3PM
=FIN  \\$aY$d20051128
=MNI  \\$a1066-8527
=SID  \\$aZ39$bOCLC
=TCO  \\$aTRS$bCCC$c008
=TOC  \\$aETOC
=UNO  \\$aY
=ACF  \\$aPrevious Copyright Fee: GBP17.00$c35\0$e01-apr-2005$fGBP17.00$g0$hP$5Uk
=ACF  \\$aPrevious copyright fee: GBP22.00$c35\0$e01-jan-2011$fGBP22.00$g0$hP$5Uk
=ACF  \\$aPrevious copyright fee: GBP24.00$c35\0$e01-mar-2015$fGBP24.00$g0$hP$5Uk
=ACF  \\$aPrevious copyright fee: GBP28.00$c35\0$e01-jan-2019$fGBP28.00$g0$hP$5Uk
=LAS  \\$aIPL-CLA$b00$c20211231$lBLL01$h1543

