=LDR  04381cas a2201093 a 4500
=001  013346523
=003  Uk
=005  20200729133740.0
=006  m\\\\\\\\d\\\\\\\\
=007  cr\mnu||||||||
=008  980109c19869999njumn\pss\\\\\0\\\a0eng\d
=FMT  \\$a  SE
=010  \\$asn 97001394
=015  \\$aGBB352434$2bnb
=022  0\$a1097-0134$y0887-3585
=037  \\$aISSN_08873585$bPortico$nWiley
=040  \\$aNSD$cNSD$dOCL$dIUL$dNSD$dOCLCQ$dGUA$dOCLCQ$dIUL$dOH1$dSBH$dOCLCQ$dIUL$dUk
=042  \\$aukblsr$ansdp
=050  14$aQP551
=082  10$a572.6$222
=130  0\$aProteins (Online)
=210  0\$aProteins$b(Online)
=222  \0$aProteins$b(Online)
=245  10$aProteins$h[electronic resource].
=246  13$aProteins, structure, function, and genetics$f<1991>-2003
=246  13$aProteins, structure, function, and bioinformatics$f2004-
=246  30$aStructure, function, and genetics
=246  30$aStructure, function, and bioinformatics
=260  \\$aNew York, NY :$bJohn Wiley & Sons
=310  \\$aMonthly, except semimonthly in Feb., May, Aug., & Nov.,$b<2004->
=321  \\$aSixteen no. a year,$b1998-
=336  \\$atext$2rdacontent
=337  \\$acomputer$2rdamedia
=338  \\$aonline resource$2rdacarrier
=362  1\$aPrint began with v. 1, no. 1 (Sept. 1986).
=500  \\$aDescription based on: Vol. 27, issue 1 (Jan. 1997); title from contents screen (Wiley, viewed Jan. 7, 2004).
=500  \\$aPublished: Hoboken, N.J. : Wiley-Liss, Inc., <2004- >.
=500  \\$aLatest issue consulted: Vol. 61, issue 3 (15 Nov. 2005); viewed: Oct. 31, 2005.
=525  \\$aHas supplements.
=530  \\$aAlso issued in print.
=538  \\$aMode of access: World Wide Web.
=540  \\$aCurrent Copyright Fee: GBP39.00$c35\0$5Uk
=650  \0$aProteins$vPeriodicals.
=650  \2$aProteins$vPeriodicals.
=770  0\$tProteins. Supplement
=776  1\$tProteins$x0887-3585
=859  \\$aELD$bejournal
=856  \\$31850-9999$uhttp://onlinelibrary.wiley.com/$xBLDSS
=852  41$aBritish Library$bHMNTS$jELD Digital store$3Volume 81:Issue 1(2013)-
=852  41$aBritish Library$bDSC$j6936.164000$3Volume 62:Issue 1(2006)-Volume 82:Issue 12(2014)***See ESTAR for full holdings.
=945  \\$aPROTEINS -NEW YORK-
=959  \\$fHeld but not currently received
=979  \\$aBritish Library$bDSC$j6936.164000
=985  \\$aCONFERENCE ANALYTIC RECORDS EXIST
=CAT  \\$a11281$b40$c20051128$lBLL01$h1126
=CAT  \\$a11281$b40$c20051128$lBLL01$h1131
=CAT  \\$aBATCH-UPD$b40$c20060901$lBLL01$h0959
=CAT  \\$aBATCH-UPD$b40$c20060901$lBLL01$h1030
=CAT  \\$aBATCH-UPD$b40$c20101116$lBLL01$h1335
=CAT  \\$aIPL-CLA$c20101231$lBLL01$h1517
=CAT  \\$aWR12_168$c20121206$lBLL01$h1816
=CAT  \\$aWR13.005$c20130323$lBLL01$h1330
=CAT  \\$a8323$b40$c20130529$lBLL01$h0918
=CAT  \\$aWR13.114$c20130717$lBLL01$h1313
=CAT  \\$aBATCH-PORT$c20130829$lBLL01$h1114
=CAT  \\$a10934$b40$c20131209$lBLL01$h1503
=CAT  \\$aWR14_009$c20140204$lBLL01$h2343
=CAT  \\$aBLDSS-3PM$b00$c20141214$lBLL01$h1523
=CAT  \\$aBATCH-UPD$b00$c20150215$lBLL01$h1657
=CAT  \\$aIPL-CLA$c20150228$lBLL01$h2049
=CAT  \\$aCDS15-UPD$b40$c20150918$lBLL01$h1639
=CAT  \\$aBATCH-UPD$b40$c20160531$lBLL01$h1711
=CAT  \\$aW1711-1005$c20171206$lBLL01$h1818
=CAT  \\$aBATCH-UPD$b00$c20180219$lBLL01$h1748
=CAT  \\$aBATCH-UPD$b00$c20181121$lBLL01$h1622
=CAT  \\$aIPL-CLA$c20181231$lBLL01$h1543
=CAT  \\$aR1911-0245$c20191127$lBLL01$h0944
=CAT  \\$aR1911-0245$c20191127$lBLL01$h1045
=CAT  \\$aIPL-CLA$c20191231$lBLL01$h1936
=CAT  \\$a5410$b40$c20200729$lBLL01$h1337
=CFI  0\$aCurrent Copyright Fee: GBP39.00$c35\0$e01-jan-2020$fGBP39.00$g0$hP$5Uk
=CFI  2\$aPrevious copyright fee: GBP28.00$c35\0$e01-jan-2019$fGBP28.00$g0$hP$5Uk
=EST  \\$a1
=FFP  \\$aY$bBLDSS-3PM
=FIN  \\$aY$d20051128
=MNI  \\$a0887-3585
=SID  \\$aZ39$bOCLC
=TCO  \\$aTRS$bCCC$c008
=TOC  \\$aETOC
=UNO  \\$aY
=ACF  \\$aPrevious Copyright Fee: GBP17.00$c35\0$e01-apr-2005$fGBP17.00$g0$hP$5Uk
=ACF  \\$aPrevious copyright fee: GBP22.00$c35\0$e01-jan-2011$fGBP22.00$g0$hP$5Uk
=ACF  \\$aPrevious copyright fee: GBP24.00$c35\0$e01-mar-2015$fGBP24.00$g0$hP$5Uk
=LAS  \\$a5410$b40$c20200729$lBLL01$h1337

