=LDR  04416cas a2201069 a 4500
=001  013347201
=003  Uk
=005  20230317140845.0
=006  m\\\\\\\\d\\\\\\\\
=007  cr|cnu||||||||
=008  980330c19969999nyubr\pss\\\\\0\\\a0eng\d
=FMT  \\$a  SE
=010  \\$asn 98009129
=022  0\$a1098-2280$y0893-6692
=037  \\$aISSN_08936692$bPortico$nWiley
=040  \\$aNSD$cNSD$dOCLCQ$dMUQ$dOCL$dUk
=042  \\$ansdp$aukblsr
=082  04$a576.542$222
=130  0\$aEnvironmental and molecular mutagenesis (Online)
=210  0\$aEnviron. mol. mutagen.$b(Online)
=222  \0$aEnvironmental and molecular mutagenesis$b(Online)
=245  10$aEnvironmental and molecular mutagenesis$h[electronic resource] :$bjournal of the Environmental Mutagen Society.
=260  \\$a[New York, N.Y.] :$bWiley-Liss, Inc.,$cc1997-
=310  \\$aEight no. a year
=336  \\$atext$2rdacontent
=337  \\$acomputer$2rdamedia
=338  \\$aonline resource$2rdacarrier
=362  0\$aVol. 27, issue 1 (1996)-
=500  \\$aTitle from contents screen (viewed Mar. 3, 1998).
=500  \\$aLatest issue consulted: Vol. 54, issue4 (May 2013), viewed on publisher's website, May 29, 2013.
=530  \\$aAlso issued in print.
=538  \\$aMode of access: World Wide Web.
=540  \\$aCurrent copyright fee: GBP39.00$c35\0$5Uk
=650  \0$aMutagenesis$vPeriodicals.
=650  \0$aMolecular genetics$vPeriodicals.
=650  \6$aMutagenèse$vPériodiques.
=650  \6$aMutagenèse chimique$xPériodiques.
=650  \6$aMutation$xPériodiques.
=650  \6$aMaladies de l'environnement$vPériodiques.
=650  \6$aGénétique moléculaire$vPériodiques.
=710  2\$aEnvironmental Mutagen Society.
=776  1\$tEnvironmental and molecular mutagenesis$x0893-6692
=780  00$tEnvironmental mutagenesis$x1930-238X
=859  \\$aELD$bejournal
=856  \\$31850-9999$uhttp://onlinelibrary.wiley.com/$xBLDSS
=852  41$aBritish Library$bSTI$jELD Digital store$3Volume 54:Number 1(2013:Jan.)-
=852  41$aBritish Library$bDSC$j3791.383100$3Volume 47:Issue 1(2006)-Volume 59:Issue 3(2018)***See ESTAR for full holdings.
=945  \\$aENVIRONMENTAL AND MOLECULAR MUTAGENESIS.
=959  \\$fHeld but not currently received
=979  \\$aBritish Library$bDSC$j3791.383100
=985  \\$aCONFERENCE ANALYTIC RECORDS EXIST
=CAT  \\$a8141$b40$c20051129$lBLL01$h0752
=CAT  \\$aBATCH-UPD$b40$c20060901$lBLL01$h1030
=CAT  \\$aBATCH-UPD$b40$c20101116$lBLL01$h1335
=CAT  \\$aIPL-CLA$c20101231$lBLL01$h1517
=CAT  \\$aWR12_168$c20121206$lBLL01$h1816
=CAT  \\$aWR13.005$c20130323$lBLL01$h1330
=CAT  \\$a11315$b40$c20130529$lBLL01$h1155
=CAT  \\$aWR13.114$c20130717$lBLL01$h1313
=CAT  \\$aBATCH-PORT$c20130829$lBLL01$h1113
=CAT  \\$aWR14_009$c20140204$lBLL01$h2343
=CAT  \\$a6162$b40$c20140206$lBLL01$h1414
=CAT  \\$aBLDSS-3PM$b00$c20141214$lBLL01$h1523
=CAT  \\$aBATCH-UPD$b00$c20150215$lBLL01$h1657
=CAT  \\$aIPL-CLA$c20150228$lBLL01$h2049
=CAT  \\$aBATCH-UPD$b00$c20160526$lBLL01$h1555
=CAT  \\$aW1711-1005$c20171206$lBLL01$h1818
=CAT  \\$aBATCH-UPD$b00$c20180219$lBLL01$h1748
=CAT  \\$aW1805-0471$c20180520$lBLL01$h1139
=CAT  \\$aBATCH-UPD$b00$c20181121$lBLL01$h1622
=CAT  \\$aIPL-CLA$c20181231$lBLL01$h1543
=CAT  \\$aR1911-0245$c20191127$lBLL01$h0823
=CAT  \\$aR1911-0245$c20191127$lBLL01$h1045
=CAT  \\$aIPL-CLA$c20191231$lBLL01$h1936
=CAT  \\$aW2111-0842$c20211208$lBLL01$h1942
=CAT  \\$aIPL-CLA$c20211231$lBLL01$h1543
=CAT  \\$a5410$b40$c20230317$lBLL01$h1408
=CFI  0\$aCurrent copyright fee: GBP39.00$c35\0$e01-jan-2022$fGBP39.00$g0$hP$5Uk
=CFI  2\$aPrevious Copyright Fee: GBP32.00$c35\0$e01-jan-2020$fGBP32.00$g0$hP$5Uk
=EST  \\$a1
=FFP  \\$aY$bBLDSS-3PM
=FIN  \\$aY$d20051128
=MNI  \\$a0893-6692
=SID  \\$aZ39$bOCLC
=TCO  \\$aTRS$bCCC$c008
=TOC  \\$aETOC
=UNO  \\$aY
=ACF  \\$aPrevious Copyright Fee: GBP17.00$c35\0$e01-apr-2005$fGBP17.00$g0$hP$5Uk
=ACF  \\$aPrevious copyright fee: GBP22.00$c35\0$e01-jan-2011$fGBP22.00$g0$hP$5Uk
=ACF  \\$aPrevious copyright fee: GBP24.00$c35\0$e01-mar-2015$fGBP24.00$g0$hP$5Uk
=ACF  \\$aPrevious copyright fee: GBP28.00$c35\0$e01-jan-2019$fGBP28.00$g0$hP$5Uk
=LAS  \\$a5410$b40$c20230317$lBLL01$h1408

