=LDR  04410cas a2201057 a 4500
=001  013347428
=003  Uk
=005  20221113124806.0
=006  m\\\\\\\\d\\\\\\\\
=007  cr\|||||||||||
=008  991025c19999999gw\mr\pss\\\\\0\\\a0eng\d
=FMT  \\$a  SE
=010  \\$asn 99004699
=015  \\$aGBB435158$2bnb
=022  0\$a1527-2648$y1438-1656
=037  \\$aISSN_14381656$bPortico$nWiley
=040  \\$aNSD$cNSD$dCGU$dOCLCQ$dMYG$dOCL$dWAU$dOCLCQ$dUk
=042  \\$aukblsr
=050  14$aTA401
=082  04$a620.11$223
=130  0\$aAdvanced engineering materials (Online)
=222  \0$aAdvanced engineering materials$b(Internet)
=245  10$aAdvanced engineering materials$h[electronic resource].
=260  \\$aWeinheim, Germany :$bWiley-VCH,$cc1999-
=310  \\$aMonthly
=336  \\$atext$2rdacontent
=337  \\$acomputer$2rdamedia
=338  \\$aonline resource$2rdacarrier
=362  0\$aVol. 1, issue 1 (Sept. 1999)-
=500  \\$aTitle from table of contents (viewed Feb. 14, 2001).
=588  \\$aLatest issue consulted: volume 16, issue 4 (April 2014) (Wiley Online Library, viewed April 1, 2014).
=515  \\$aHas occasional combined issues.
=530  \\$aAlso issued in print.
=538  \\$aMode of access: World Wide Web.
=550  \\$aIssued in cooperation with: German Materials Science Society, DGM.
=540  \\$aCurrent copyright fee: GBP46.00$c35\0$5Uk
=650  \0$aMaterials$vPeriodicals.
=710  2\$aWiley InterScience (Online service)
=710  2\$aDeutsche Gesellschaft für Materialkunde.
=776  1\$tAdvanced engineering materials$x1438-1656
=859  \\$aELD$bejournal
=856  \\$31850-9999$uhttp://onlinelibrary.wiley.com/$xBLDSS
=852  41$aBritish Library$bSTI$jELD Digital store$3Volume 15:Issue 3(2013:Mar.)-***Previous issues available in print copy
=852  41$aBritish Library$bDSC$j0696.851200$3Volume 8:Issue 1/2(2006)-Volume 17:Issue 3(2015)***See ESTAR for full holdings.
=945  \\$aAdvanced engineering materials
=959  \\$fHeld but not currently received
=979  \\$aBritish Library$bDSC$j0696.851200
=985  \\$aCONFERENCE ANALYTIC RECORDS EXIST
=CAT  \\$a11281$b40$c20051129$lBLL01$h1052
=CAT  \\$aBATCH-UPD$b40$c20060901$lBLL01$h0959
=CAT  \\$aBATCH-UPD$b40$c20060901$lBLL01$h1031
=CAT  \\$aBATCH-UPD$b40$c20100424$lBLL01$h2027
=CAT  \\$aBATCH-UPD$b40$c20101116$lBLL01$h1335
=CAT  \\$aIPL-CLA$c20101231$lBLL01$h1517
=CAT  \\$aWR12_168$c20121206$lBLL01$h1816
=CAT  \\$a8411$b40$c20140331$lBLL01$h1106
=CAT  \\$a8483$b40$c20140401$lBLL01$h1002
=CAT  \\$a8483$b40$c20140401$lBLL01$h1004
=CAT  \\$a6162$b40$c20140605$lBLL01$h1418
=CAT  \\$aBLDSS-3PM$b00$c20141214$lBLL01$h1523
=CAT  \\$aBATCH-UPD$b00$c20150215$lBLL01$h1657
=CAT  \\$aIPL-CLA$c20150228$lBLL01$h2049
=CAT  \\$aCDS15-UPD$b40$c20150918$lBLL01$h1640
=CAT  \\$aBATCH-UPD$b40$c20160526$lBLL01$h1122
=CAT  \\$aW1711-1005$c20171206$lBLL01$h1818
=CAT  \\$aBATCH-UPD$b00$c20180219$lBLL01$h1748
=CAT  \\$aBATCH-UPD$b00$c20181121$lBLL01$h1622
=CAT  \\$aIPL-CLA$c20181231$lBLL01$h1543
=CAT  \\$aR1911-0245$c20191127$lBLL01$h0944
=CAT  \\$aR1911-0245$c20191127$lBLL01$h1045
=CAT  \\$aIPL-CLA$c20191231$lBLL01$h1936
=CAT  \\$aW2111-0842$c20211209$lBLL01$h1035
=CAT  \\$aIPL-CLA$c20211231$lBLL01$h1543
=CAT  \\$a5410$b40$c20221113$lBLL01$h1248
=CFI  0\$aCurrent copyright fee: GBP46.00$c35\0$e01-jan-2022$fGBP46.00$g0$hP$5Uk
=CFI  2\$aPrevious Copyright Fee: GBP39.00$c35\0$e01-jan-2020$fGBP39.00$g0$hP$5Uk
=EST  \\$a1
=FFP  \\$aY$bBLDSS-3PM
=FIN  \\$aY$d20051129
=LET  \0$aAdvanced engineering materials (Electronic)
=LKR  \\$aPAR$b009187237$lBLL01$r776$mAdvanced engineering materials (Internet)$nAdvanced engineering materials (Print)
=MNI  \\$a1438-1656
=SID  \\$aZ39$bOCLC
=TCO  \\$aDEU$bVG WORT$c008
=TOC  \\$aETOC
=UNO  \\$aY
=ACF  \\$aPrevious Copyright Fee: GBP17.00$c35\0$e01-apr-2005$fGBP17.00$g0$hP$5Uk
=ACF  \\$aPrevious copyright fee: GBP22.00$c35\0$e01-jan-2011$fGBP22.00$g0$hP$5Uk
=ACF  \\$aPrevious copyright fee: GBP24.00$c35\0$e01-mar-2015$fGBP24.00$g0$hP$5Uk
=ACF  \\$aPrevious copyright fee: GBP28.00$c35\0$e01-jan-2019$fGBP28.00$g0$hP$5Uk
=LAS  \\$a5410$b40$c20221113$lBLL01$h1248

