=LDR  04294cas a2201033 a 4500
=001  013347634
=003  Uk
=005  20221018112825.0
=006  m\\\\\\\\d\\\\\\\\
=007  cr\mnu\\\\\\\\
=008  000503c19499999gw\wr\pss\\\\\0\\\b0ger\d
=FMT  \\$a  SE
=010  \\$a2004233702
=015  \\$aGBB430837$2bnb
=022  \\$a1521-3757$y0044-8249
=037  \\$aISSN_00448249$bPortico$nWiley
=040  \\$aOH1$cOH1$dOCLCQ$dGUA$dUk
=042  \\$aukblsr
=050  14$aQD1
=082  04$a540$222
=130  0\$aAngewandte Chemie (Weinheim an der Bergstrasse, Germany : Online)
=222  \0$aAngewandte Chemie$b(Internet)
=245  10$aAngewandte Chemie$h[electronic resource].
=260  \\$aWeinheim :$bWILEY-VCH Verlag
=310  \\$aWeekly,$b2003-
=321  \\$aSemimonthly,$b<1998>-2002
=336  \\$atext$2rdacontent
=337  \\$acomputer$2rdamedia
=338  \\$aonline resource$2rdacarrier
=362  1\$aPrint began with v. 61, in 1949.
=500  \\$aDescription based on: Vol. 110, issue 1/2 (Jan. 16, 1998); title from contents screen (InterScience, viewed June 4, 2004).
=500  \\$aLatest issue consulted: volume 126, issue 11 (March 10, 2014) (Wiley Online Library, viewed March 13, 2014).
=515  \\$aSome issues combined.
=525  \\$aSupplements accompany some issues.
=538  \\$aMode of access: World Wide Web.
=580  \\$aAlso issued in English language version.
=540  \\$aCurrent Copyright Fee: GBP46.00$c35\0$5Uk
=650  \0$aChemistry$vPeriodicals.
=775  1\$tAngewandte Chemie (International ed. in English : Online)
=776  08$iPrint version:$tAngewandte Chemie (Weinheim an der Bergstrasse, Germany)$x0044-8249
=859  \\$aELD$bejournal
=856  \\$31850-9999$uhttp://onlinelibrary.wiley.com/$xBLDSS
=852  41$aBritish Library$bDSC$j0902.000000$3Volume 20:Issue 10(1948)-Volume 127:Issue 14(2015)***See ESTAR for full holdings.
=852  41$aBritish Library$bHMNTS$jELD Digital store$3Volume 125:Number 1(2013)-***Previous issues available in print copy
=945  \\$aAngewandte Chemie
=959  \\$fHeld but not currently received
=979  \\$aBritish Library$bDSC$j0902.000000
=CAT  \\$a11281$b40$c20051129$lBLL01$h1243
=CAT  \\$aBATCH-UPD$b40$c20060901$lBLL01$h0959
=CAT  \\$aBATCH-UPD$b40$c20060901$lBLL01$h1031
=CAT  \\$aBATCH-UPD$b40$c20101116$lBLL01$h1335
=CAT  \\$aIPL-CLA$c20101231$lBLL01$h1517
=CAT  \\$aWR12_168$c20121206$lBLL01$h1816
=CAT  \\$a8124$b40$c20140313$lBLL01$h0806
=CAT  \\$a8124$b40$c20140313$lBLL01$h0807
=CAT  \\$a10983$b40$c20140325$lBLL01$h1228
=CAT  \\$a10983$b40$c20140325$lBLL01$h1229
=CAT  \\$aBLDSS-3PM$b00$c20141214$lBLL01$h1523
=CAT  \\$aBATCH-UPD$b00$c20150215$lBLL01$h1657
=CAT  \\$aIPL-CLA$c20150228$lBLL01$h2049
=CAT  \\$aCDS15-UPD$b40$c20150918$lBLL01$h1640
=CAT  \\$aBATCH-UPD$b40$c20160518$lBLL01$h1837
=CAT  \\$aW1711-1005$c20171206$lBLL01$h1818
=CAT  \\$aBATCH-UPD$b00$c20180219$lBLL01$h1748
=CAT  \\$a5552$b40$c20181102$lBLL01$h1139
=CAT  \\$aIPL-CLA$c20181231$lBLL01$h1543
=CAT  \\$a5410$b40$c20190903$lBLL01$h0843
=CAT  \\$a5410$b40$c20190903$lBLL01$h0845
=CAT  \\$aR1911-0245$c20191127$lBLL01$h1015
=CAT  \\$aR1911-0245$c20191127$lBLL01$h1031
=CAT  \\$aR1911-0245$c20191127$lBLL01$h1035
=CAT  \\$aIPL-CLA$c20191231$lBLL01$h1936
=CAT  \\$a5410$b40$c20221018$lBLL01$h1128
=CFI  0\$aCurrent Copyright Fee: GBP46.00$c35\0$e01-jan-2020$fGBP46.00$g0$hP$5Uk
=CFI  2\$aPrevious copyright fee: GBP45.00$c35\0$e01-jan-2019$fGBP45.00$g0$hP$5Uk
=EST  \\$a1
=FFP  \\$aY$bBLDSS-3PM
=FIN  \\$aY$d20051129
=LET  \0$aAngewandte Chemie (Online)
=LKR  \\$aPAR$b013341827$lBLL01$nAngewandte chemie international edition$mAngewandte Chemie (Online)$r775
=MNI  \\$a0044-8249
=SID  \\$aZ39$bOCLC
=TCO  \\$aDEU$bVG WORT$c008
=TOC  \\$aETOC
=UNO  \\$aY
=ACF  \\$aPrevious Copyright Fee: GBP17.00$c35\0$e01-apr-2005$fGBP17.00$g0$hP$5Uk
=ACF  \\$aPrevious copyright fee: GBP22.00$c35\0$e01-jan-2011$fGBP22.00$g0$hP$5Uk
=ACF  \\$aPrevious copyright fee: GBP24.00$c35\0$e01-mar-2015$fGBP24.00$g0$hP$5Uk
=LAS  \\$a5410$b40$c20221018$lBLL01$h1128

