=LDR  04493cas a2201009 a 4500
=001  013347650
=003  Uk
=005  20230511162903.0
=006  m\\\\\\\\d\\\\\\\\
=007  cr\cnu\\\\\\\\
=008  030310c20039999njubx1pss\\\\\0\\\a0eng\d
=FMT  \\$a  SE
=010  \\$a2004233700
=022  0\$a1552-4981$y1552-4973$y1097-4636
=037  \\$aISSN_15524973$bPortico$nWiley
=040  \\$aIWA$cIWA$dOCLCQ$dCOU$dDLC$dOCLCQ$dGUA$dNSD$dIUL$dUk
=042  \\$ansdp$aukblsr
=050  10$aISSN RECORD
=050  14$aR856
=082  04$a610.28$222
=130  0\$aJournal of biomedical materials research.$nPart B,$pApplied biomaterials (Online)
=210  0\$aJ. biomed. mater. res., Part B Appl. biomater.$b(Online)
=222  \0$aJournal of biomedical materials research. Part B, Applied biomaterials$b(Online)
=245  10$aJournal of biomedical materials research.$nPart B,$pApplied biomaterials$h[electronic resource].
=246  30$aApplied biomaterials
=260  \\$a[Hoboken, NJ] :$bJohn Wiley & Sons,$cc2002-
=310  \\$aEight issues a year
=336  \\$atext$2rdacontent
=337  \\$acomputer$2rdamedia
=338  \\$aonline resource$2rdacarrier
=362  0\$aVol. 64B, no. 1 (Jan. 15, 2003)-
=500  \\$aTitle from contents screen (Wiley InterScience, viewed June 2, 2004).
=500  \\$aLatest issue consulted: Vol. 75B, issue 2 (Nov. 2005) (Wiley InterScience; viewed: Nov. 22, 2005).
=530  \\$aIssued also in print.
=538  \\$aMode of access: World Wide Web.
=550  \\$aOfficial journal of the Society for Biomaterials, the Japanese Society for Biomaterials, the Australian Society for Biomaterials, and the Korean Society for Biomaterials.
=540  \\$aCurrent Copyright Fee: GBP39.00$c35\0$5Uk
=650  \0$aBiomedical materials$vPeriodicals.
=710  2\$aSociety for Biomaterials.
=710  2\$aNihon Baiomateriaru Gakkai.
=710  2\$aAustralian Society for Biomaterials.
=710  2\$aKorean Society for Biomaterials.
=776  1\$tJournal of biomedical materials research. Part B, Applied biomaterials$x1552-4973
=780  01$tJournal of biomedical materials research (Online)$x1097-4636
=859  \\$aELD$bejournal
=856  \\$31850-9999$uhttp://onlinelibrary.wiley.com/$xBLDSS
=852  41$aBritish Library$bDSC$j4953.725000$3Volume 76:Issue 1(2006)-Volume 102:Issue 8(2014)***See ESTAR for full holdings.
=852  41$aBritish Library$bHMNTS$jELD Digital store$3Volume 101B:Issue 1(2013:Jan.)-***Previous issues available in print copy
=945  \\$aJOURNAL OF BIOMEDICAL MATERIALS RESEARCH PART B.
=959  \\$fHeld but not currently received
=CAT  \\$a8141$b40$c20051129$lBLL01$h1310
=CAT  \\$aBATCH-UPD$b40$c20060901$lBLL01$h0959
=CAT  \\$aBATCH-UPD$b40$c20060901$lBLL01$h1031
=CAT  \\$aBATCH-UPD$b40$c20101116$lBLL01$h1335
=CAT  \\$aIPL-CLA$c20101231$lBLL01$h1517
=CAT  \\$aWR13.005$c20130323$lBLL01$h1331
=CAT  \\$a10983$b40$c20140416$lBLL01$h1331
=CAT  \\$aBLDSS-3PM$b00$c20141214$lBLL01$h1523
=CAT  \\$aBATCH-UPD$b00$c20150215$lBLL01$h1657
=CAT  \\$aIPL-CLA$c20150228$lBLL01$h2049
=CAT  \\$aCDS15-UPD$b40$c20150918$lBLL01$h1640
=CAT  \\$aBATCH-UPD$b40$c20160522$lBLL01$h2347
=CAT  \\$aW1711-1005$c20171206$lBLL01$h1818
=CAT  \\$aBATCH-UPD$b00$c20180219$lBLL01$h1748
=CAT  \\$aBATCH-UPD$b00$c20181121$lBLL01$h1622
=CAT  \\$aIPL-CLA$c20181231$lBLL01$h1543
=CAT  \\$aR1911-0245$c20191127$lBLL01$h0944
=CAT  \\$aR1911-0245$c20191127$lBLL01$h1045
=CAT  \\$a5552$b40$c20191209$lBLL01$h1303
=CAT  \\$aIPL-CLA$c20191231$lBLL01$h1936
=CAT  \\$a5552$b40$c20200114$lBLL01$h0906
=CAT  \\$aBATCH-FIX$c20230511$lBLL01$h1629
=CFI  0\$aCurrent Copyright Fee: GBP39.00$c35\0$e14-jan-2020$fGBP39.00$g0$hP$5Uk
=CFI  2\$aPrevious Copyright Fee: GBP32.00$c35\0$e01-jan-2020$fGBP32.00$g0$hP$5Uk
=EST  \\$a1
=FFP  \\$aY$bBLDSS-3PM
=FIN  \\$aY$d20051129
=MNI  \\$a1552-4973
=SID  \\$aZ39$bOCLC
=TCO  \\$aTRS$bCCC$c008
=TOC  \\$aETOC
=UNO  \\$aY
=ACF  \\$aPrevious copyright fee: GBP28.00$c35\0$e01-jan-2019$fGBP28.00$g0$hP$5Uk
=ACF  \\$aPrevious copyright fee: GBP17.00$c35\0$e11-apr-2005$fGBP17.00$g0$hP$5Uk
=ACF  \\$aPrevious copyright fee: GBP22.00$c35\0$e01-jan-2011$fGBP22.00$g0$hP$5Uk
=ACF  \\$aPrevious copyright fee: GBP24.00$c35\0$e01-mar-2015$fGBP24.00$g0$hP$5Uk
=LAS  \\$aBATCH-FIX$b00$c20230511$lBLL01$h1629

