=LDR  04093cas a2200973 a 4500
=001  013347754
=003  Uk
=005  20191231193649.0
=006  m\\\\\\\\d\\\\\\\\
=007  cr\un|||||||||
=008  050614c20049999enkqr\pss\\\\\0\\\\0eng\d
=FMT  \\$a  SE
=015  \\$aGBA600904$2bnb
=022  \\$a2160-0074$y1550-1949$21
=037  \\$aISSN_1055615X$bPortico$nWiley
=040  \\$aOCLCS$cOCLCS$dUk
=042  \\$aukblsr
=050  \4$aHF5679$b.I63
=082  04$a657.028563$222
=130  0\$aIntelligent systems in accounting, finance and management (Online)
=222  \0$aIntelligent systems in accounting, finance and management$b(Online)
=245  10$aIntelligent systems in accounting, finance and management$h[electronic resource] :$bInternational Journal.
=246  13$aIntelligent systems in accounting, finance & management
=246  30$aInternational journal
=260  \\$aChichester, West Sussex :$bJohn Wiley & Sons, Ltd.
=310  \\$aQuarterly
=336  \\$atext$2rdacontent
=337  \\$acomputer$2rdamedia
=338  \\$aonline resource$2rdacarrier
=362  1\$aPrint began with v. 12, no.1 (Jan./Mar. 2004).
=500  \\$aDescription based on print version record.
=530  \\$aAlso issued in print.
=538  \\$aMode of access: World Wide Web.
=540  \\$aCurrent Copyright Fee: GBP32.00$c35\0$5Uk
=650  \0$aAccounting$xData processing$vPeriodicals.
=650  \0$aBusiness$xData processing$vPeriodicals.
=650  \0$aExpert systems (Computer science)$vPeriodicals.
=650  \0$aArtificial intelligence$vPeriodicals.
=690  7\$aManagement and Business Studies$2blcoll
=776  08$iPrint version:$tIntelligent systems in accounting, finance and management$x1550-1949
=780  00$tInternational journal of intelligent systems in accounting, finance & management (Online)
=859  \\$aELD$bejournal
=856  \\$31850-9999$uhttp://onlinelibrary.wiley.com/$xBLDSS
=852  41$aBritish Library$bHMNTS$jELD Digital store$3Volume 20:Issue 1(2013)-
=852  41$aBritish Library$bDSC$j4531.832101$3Volume 1:Issue 1(1992)-Volume 21:Issue 4(2014)***See ESTAR for full holdings.
=945  \\$aIntelligent systems in accounting finance and management
=959  \\$fHeld but not currently received
=CAT  \\$a7332$b40$c20051129$lBLL01$h1410
=CAT  \\$aBATCH-UPD$b40$c20060901$lBLL01$h0959
=CAT  \\$aBATCH-UPD$b40$c20060901$lBLL01$h1031
=CAT  \\$aBATCH$b00$c20090624$lBLL01$h1707
=CAT  \\$aBATCH-UPD$b00$c20101116$lBLL01$h1335
=CAT  \\$aIPL-CLA$c20101231$lBLL01$h1517
=CAT  \\$a8201$b40$c20130522$lBLL01$h1141
=CAT  \\$aWR13.114$c20130717$lBLL01$h1313
=CAT  \\$aBATCH-PORT$c20130829$lBLL01$h1113
=CAT  \\$aWR14_009$c20140204$lBLL01$h2343
=CAT  \\$aWR14_140$c20140905$lBLL01$h1810
=CAT  \\$aBLDSS-3PM$b00$c20141214$lBLL01$h1523
=CAT  \\$aBATCH-UPD$b00$c20150215$lBLL01$h1657
=CAT  \\$aIPL-CLA$c20150228$lBLL01$h2049
=CAT  \\$aCDS15-UPD$b40$c20150918$lBLL01$h1640
=CAT  \\$aBATCH-UPD$b40$c20160530$lBLL01$h0003
=CAT  \\$aW1711-1005$c20171206$lBLL01$h1818
=CAT  \\$aBATCH-UPD$b00$c20180219$lBLL01$h1748
=CAT  \\$aBATCH-UPD$b00$c20181121$lBLL01$h1622
=CAT  \\$aIPL-CLA$c20181231$lBLL01$h1543
=CAT  \\$aR1911-0245$c20191127$lBLL01$h0823
=CAT  \\$aR1911-0245$c20191127$lBLL01$h1045
=CAT  \\$aIPL-CLA$c20191231$lBLL01$h1936
=CFI  0\$aCurrent Copyright Fee: GBP32.00$c35\0$e01-jan-2020$fGBP32.00$g0$hP$5Uk
=CFI  2\$aPrevious copyright fee: GBP28.00$c35\0$e01-jan-2019$fGBP28.00$g0$hP$5Uk
=EST  \\$a1
=FFP  \\$aY$bBLDSS-3PM
=FIN  \\$aY$d20051129
=MNI  \\$a1055-615X
=SID  \\$aZ39$bOCLC
=TCO  \\$aCLA$bCLA$c008
=TOC  \\$aETOC
=UNO  \\$aY
=ACF  \\$aPrevious Copyright Fee: GBP17.00$c35\0$e01-apr-2005$fGBP17.00$g0$hP$5Uk
=ACF  \\$aPrevious copyright fee: GBP22.00$c35\0$e01-jan-2011$fGBP22.00$g0$hP$5Uk
=ACF  \\$aPrevious copyright fee: GBP24.00$c35\0$e01-mar-2015$fGBP24.00$g0$hP$5Uk
=LAS  \\$aIPL-CLA$b00$c20191231$lBLL01$h1936

