=LDR  04345cas a2201069 a 4500
=001  013347760
=003  Uk
=005  20231016105007.0
=006  m\\\\\\\\d\\\\\\\\
=007  cr\mnu\\\\\\\\
=008  990622c19009999gw\mx\pss\\\\\0\\\b0eng\d
=FMT  \\$a  SE
=010  \\$a2004233694
=015  \\$aGBB430839$2bnb
=022  \\$a1521-3889
=037  \\$aISSN_00033804$bPortico$nWiley
=040  \\$aDLM$cDLM$dOCLCQ$dGUA$dBUF$dUk
=042  \\$aukblsr
=050  14$aQC1
=082  04$a530.05$223
=130  0\$aAnnalen der Physik (1900 : Online)
=245  10$aAnnalen der Physik$h[electronic resource].
=246  10$aadp
=260  \\$aWeinheim :$bWiley-VCH
=300  \\$av. :$bill. ;$c24 cm.
=310  \\$a12 issues a year,$b2000-
=321  \\$a8 issues a year,$b-1998
=321  \\$a10 issues a year,$b1999
=336  \\$atext$2rdacontent
=337  \\$acomputer$2rdamedia
=338  \\$aonline resource$2rdacarrier
=362  1\$aPrint began with 4. Folge, Bd. 1 (1900).
=500  \\$aDescription based on: Vol. 7, issue 4 (Nov. 1998); title from contents screen (InterScience, viewed June 1, 2004).
=500  \\$aLatest issue consulted: volume 526, issue 1/2 (January 2014) (Wiley Online Library, viewed March 13, 2014).
=515  \\$aSome issues combined.
=538  \\$aMode of access: World Wide Web.
=546  \\$aTo <1960> in German, gradually English articles also included. Exclusively in English by <1994>.
=540  \\$aCurrent Copyright Fee: GBP39.00$c35\0$5Uk
=650  \0$aPhysics$vPeriodicals.
=650  \0$aChemistry$vPeriodicals.
=776  08$iPrint version:$tAnnalen der Physik$x0003-3804
=859  \\$aELD$bejournal
=856  \\$31850-9999$uhttp://onlinelibrary.wiley.com/$xBLDSS
=852  41$aBritish Library$bDSC$j0912.000000$3Volume 14:Issue (2005) Supplement 1-Volume 526:Issue 11/12(2014)***See ESTAR for full holdings.
=852  41$aBritish Library$bSTI$jELD Digital store$3Volume 525:Issue 1/2(2013)-***Previous issues available in print copy
=945  \\$aAnnalen der Physik -Leipzig-
=959  \\$fHeld but not currently received
=979  \\$aBritish Library$bDSC$j0912.000000
=985  \\$aCONFERENCE ANALYTIC RECORDS EXIST
=CAT  \\$a11281$b40$c20051129$lBLL01$h1415
=CAT  \\$aBATCH-UPD$b40$c20060901$lBLL01$h0959
=CAT  \\$aBATCH-UPD$b40$c20060901$lBLL01$h1031
=CAT  \\$aBATCH-UPD$b40$c20101116$lBLL01$h1335
=CAT  \\$aIPL-CLA$c20101231$lBLL01$h1517
=CAT  \\$aWR12_168$c20121206$lBLL01$h1816
=CAT  \\$a8342$b40$c20131209$lBLL01$h1020
=CAT  \\$a8124$b40$c20140313$lBLL01$h0823
=CAT  \\$a8124$b40$c20140313$lBLL01$h0831
=CAT  \\$a8124$b40$c20140313$lBLL01$h0904
=CAT  \\$a10983$b40$c20140325$lBLL01$h1325
=CAT  \\$aBLDSS-3PM$b00$c20141214$lBLL01$h1523
=CAT  \\$aBATCH-UPD$b00$c20150215$lBLL01$h1657
=CAT  \\$aIPL-CLA$c20150228$lBLL01$h2049
=CAT  \\$aCDS15-UPD$b40$c20150918$lBLL01$h1640
=CAT  \\$aBATCH-UPD$b40$c20160602$lBLL01$h0912
=CAT  \\$aW1711-1005$c20171206$lBLL01$h1818
=CAT  \\$aBATCH-UPD$b00$c20180219$lBLL01$h1748
=CAT  \\$aBATCH-UPD$b00$c20181121$lBLL01$h1622
=CAT  \\$aIPL-CLA$c20181231$lBLL01$h1543
=CAT  \\$aR1911-0245$c20191127$lBLL01$h0945
=CAT  \\$aR1911-0245$c20191127$lBLL01$h1045
=CAT  \\$a5552$b40$c20191204$lBLL01$h1350
=CAT  \\$aIPL-CLA$c20191231$lBLL01$h1936
=CAT  \\$a5410$b40$c20200109$lBLL01$h1219
=CAT  \\$a5410$b40$c20221018$lBLL01$h1130
=CAT  \\$a12654$b40$c20231016$lBLL01$h1050
=CFI  0\$aCurrent Copyright Fee: GBP39.00$c35\0$e01-jan-2020$fGBP39.00$g0$hP$5Uk
=CFI  1\$aPending copyright fee: GBP46.00$c35\0$e01-jan-2024$fGBP46.00$g0$hP$5Uk
=CFI  2\$aPrevious copyright fee: GBP28.00$c35\0$e01-jan-2019$fGBP28.00$g0$hP$5Uk
=EST  \\$a1
=FFP  \\$aY$bBLDSS-3PM
=FIN  \\$aY$d20051129
=LET  \0$aAnnalen der Physik (Online)
=MNI  \\$a0003-3804
=SID  \\$aZ39$bOCLC
=TCO  \\$aDEU$bVG WORT$c008
=TOC  \\$aETOC
=UNO  \\$aY
=ACF  \\$aPrevious Copyright Fee: GBP17.00$c35\0$e01-apr-2005$fGBP17.00$g0$hP$5Uk
=ACF  \\$aPrevious copyright fee: GBP22.00$c35\0$e01-jan-2011$fGBP22.00$g0$hP$5Uk
=ACF  \\$aPrevious copyright fee: GBP24.00$c35\0$e01-mar-2015$fGBP24.00$g0$hP$5Uk
=LAS  \\$a12654$b40$c20231016$lBLL01$h1050

