=LDR  03803cas a2200913 a 4500
=001  013347830
=003  Uk
=005  20191231193649.0
=006  m\\\\\\\\d\\\\\\\\
=007  cr\cnu||||||||
=008  980326c19879999xxubr\p\o\\\\\0\\\a0eng\d
=FMT  \\$a  SE
=010  \\$asn 98009204
=015  \\$aGBB440588$2bnb
=022  0\$a1098-2825$y0887-8013
=037  \\$aISSN_08878013$bPortico$nWiley
=037  \\$bJohn Wiley & Sons, Inc., 605 3rd Ave., New York, NY 10158
=040  \\$aNSD$cNSD$dTJC$dOCLCQ$dOCL$dUk
=042  \\$aukblsr
=082  04$a616$222
=130  0\$aJournal of clinical laboratory analysis (Online)
=210  0\$aJ. clin. lab. anal.$b(Online)
=222  \0$aJournal of clinical laboratory analysis$b(Online)
=245  10$aJournal of clinical laboratory analysis$h[electronic resource].
=246  13$aJCLA
=260  \\$a[New York, N.Y.] :$bWiley-Liss, Inc.
=264  31$a[Hoboken] :$bWiley Periodicals, Inc.
=310  \\$aBimonthly
=336  \\$atext$2rdacontent
=337  \\$acomputer$2rdamedia
=338  \\$aonline resource$2rdacarrier
=362  1\$aPrint began with vol. 1, no. 1, published in 1987.
=588  \\$aDescription based on: Vol. 11, issue 1 (1997); title from contents screen (viewed Mar. 3, 1998).
=588  \\$aLatest issue consulted: volume 28, issue 2 (March 2014) (Wiley Online Library, viewed April 11, 2014).
=540  \\$aCurrent Copyright Fee: zero$c35\0$5Uk
=650  \0$aDiagnosis, Laboratory$vPeriodicals.
=650  \0$aMedical laboratory technology$vPeriodicals.
=776  08$iAlso issued in print as:$tJournal of clinical laboratory analysis$x0887-8013
=859  \\$aELD$bejournal
=856  \\$31850-9999$uhttp://onlinelibrary.wiley.com/$xBLDSS
=852  41$aBritish Library$bHMNTS$jELD Digital store$3Volume 27:Issue 1(2013:Jan.)-***Previous issues available in print
=852  41$aBritish Library$bDSC$j4958.520000$3Volume 20:Issue 1(2006)-Volume 28:Issue 6(2014)***See ESTAR for full holdings.
=945  \\$aJOURNAL OF CLINICAL LABORATORY ANALYSIS
=959  \\$fHeld but not currently received
=CAT  \\$a8141$b40$c20051129$lBLL01$h1442
=CAT  \\$aBATCH-UPD$b40$c20060901$lBLL01$h0959
=CAT  \\$aBATCH-UPD$b40$c20060901$lBLL01$h1031
=CAT  \\$aBATCH-UPD$b40$c20101116$lBLL01$h1335
=CAT  \\$aIPL-CLA$c20101231$lBLL01$h1517
=CAT  \\$aWR12_168$c20121206$lBLL01$h1816
=CAT  \\$aWR13.005$c20130323$lBLL01$h1331
=CAT  \\$a8311$b40$c20140404$lBLL01$h0911
=CAT  \\$a8323$b40$c20140411$lBLL01$h1334
=CAT  \\$a6811$b40$c20140415$lBLL01$h0930
=CAT  \\$aBLDSS-3PM$b00$c20141214$lBLL01$h1523
=CAT  \\$aBATCH-UPD$b00$c20150215$lBLL01$h1657
=CAT  \\$aIPL-CLA$c20150228$lBLL01$h2049
=CAT  \\$aCDS15-UPD$b40$c20150918$lBLL01$h1640
=CAT  \\$aBATCH-UPD$b40$c20160624$lBLL01$h0031
=CAT  \\$aW1711-1005$c20171206$lBLL01$h1818
=CAT  \\$aBATCH-UPD$b00$c20180219$lBLL01$h1748
=CAT  \\$aBATCH-UPD$b00$c20181121$lBLL01$h1622
=CAT  \\$aIPL-CLA$c20181231$lBLL01$h1543
=CAT  \\$aR1911-0245$c20191127$lBLL01$h1037
=CAT  \\$aIPL-CLA$c20191231$lBLL01$h1936
=CFI  0\$aCurrent Copyright Fee: zero$c35\0$e01-jan-2020$fGBP0.00$g0$hP$5Uk
=CFI  2\$aPrevious copyright fee: GBP28.00$c35\0$e01-jan-2019$fGBP28.00$g0$hP$5Uk
=EST  \\$a1
=FFP  \\$aY$bBLDSS-3PM
=FIN  \\$aY$d20051129
=MNI  \\$a0887-8013
=SID  \\$aZ39$bOCLC
=TCO  \\$aTRS$bCCC$c008
=TOC  \\$aETOC
=UNO  \\$aY
=ACF  \\$aPrevious Copyright Fee: GBP17.00$c35\0$e01-apr-2005$fGBP17.00$g0$hP$5Uk
=ACF  \\$aPrevious copyright fee: GBP22.00$c35\0$e01-jan-2011$fGBP22.00$g0$hP$5Uk
=ACF  \\$aPrevious copyright fee: GBP24.00$c35\0$e01-mar-2015$fGBP24.00$g0$hP$5Uk
=LAS  \\$aIPL-CLA$b00$c20191231$lBLL01$h1936

