=LDR  04238cas a2201033 a 4500
=001  013349630
=003  Uk
=005  20221018113255.0
=006  m\\\\\\\\d\\\\\\\\
=007  cr\cn\\\\\\\\\
=008  001121c18239999gw\bx\pss\\\\\0\\\b0ger\d
=FMT  \\$a  SE
=015  \\$aGBB430851$2bnb
=022  \\$a1521-3994$y0004-6337
=037  \\$aISSN_00046337$bPortico$nWiley
=040  \\$aCPO$cCPO$dEYM$dOCLCQ$dUk
=041  \\$ager$aeng
=050  14$aQB1$b.A77
=082  04$a520.5$223
=130  0\$aAstronomische Nachrichten (Online)
=222  \0$aAstronomische Nachrichten$b(Internet)
=245  10$aAstronomische Nachrichten$h[electronic resource].
=246  31$aAstronomical notices
=260  \\$aBerlin GmBH, Fed. Rep. of Germany :$bWiley-VCH
=310  \\$aBimonthly (irregular)
=336  \\$atext$2rdacontent
=337  \\$acomputer$2rdamedia
=338  \\$aonline resource$2rdacarrier
=362  1\$aPrint began with 1. Bd., Heft 1, published in 1823.
=500  \\$aDescription based on: Vol. 321, issue 1 (Mar. 2000); title from table of contents screen (viewed Nov. 20, 2000).
=500  \\$aLatest issue consulted: volume 335, issue 3 (March 2014) (Wiley Online Library, viewed March 13, 2014).
=515  \\$aSome combined issues.
=530  \\$aAlso issued in print.
=538  \\$aMode of access: World Wide Web.
=550  \\$aMade available via: Wiley InterScience.
=546  \\$aIn German and English.
=540  \\$aCurrent copyright fee: GBP39.00$c35\0$5Uk
=650  \0$aAstronomy$vPeriodicals.
=710  2\$aWiley InterScience (Online service)
=776  1\$tAstronomische Nachrichten$x0004-6337
=859  \\$aELD$bejournal
=856  \\$31850-9999$uhttp://onlinelibrary.wiley.com/$xBLDSS
=852  41$aBritish Library$bHMNTS$jELD Digital store$3Volume 334:Issue 1/2(2013)-***Previous issues available in print copy
=852  41$aBritish Library$bDSC$j1759.000000$3Volume 327:Issue 1(2006)-Volume 335:Issue 10(2014)***See ESTAR for full holdings.
=945  \\$aASTRONOMISCHE NACHRICHTEN
=959  \\$fHeld but not currently received
=979  \\$aBritish Library$bDSC$j1759.000000
=CAT  \\$a11281$b40$c20051130$lBLL01$h0904
=CAT  \\$a11281$b40$c20051130$lBLL01$h0908
=CAT  \\$aBATCH-UPD$b40$c20060901$lBLL01$h0959
=CAT  \\$aBATCH-UPD$b40$c20060901$lBLL01$h1031
=CAT  \\$aBATCH-UPD$b40$c20101116$lBLL01$h1335
=CAT  \\$aIPL-CLA$c20101231$lBLL01$h1517
=CAT  \\$aWR12_168$c20121206$lBLL01$h1816
=CAT  \\$aWR13.005$c20130323$lBLL01$h1331
=CAT  \\$a8124$b40$c20140313$lBLL01$h0923
=CAT  \\$a8411$b40$c20140324$lBLL01$h1328
=CAT  \\$aBLDSS-3PM$b00$c20141214$lBLL01$h1523
=CAT  \\$aBATCH-UPD$b00$c20150215$lBLL01$h1657
=CAT  \\$aIPL-CLA$c20150228$lBLL01$h2049
=CAT  \\$aCDS15-UPD$b40$c20150918$lBLL01$h1640
=CAT  \\$aBATCH-UPD$b40$c20160610$lBLL01$h1034
=CAT  \\$aW1711-1005$c20171206$lBLL01$h1818
=CAT  \\$aBATCH-UPD$b00$c20180219$lBLL01$h1748
=CAT  \\$aBATCH-UPD$b00$c20181121$lBLL01$h1622
=CAT  \\$aIPL-CLA$c20181231$lBLL01$h1543
=CAT  \\$a5410$b40$c20191009$lBLL01$h1256
=CAT  \\$aR1911-0245$c20191127$lBLL01$h0823
=CAT  \\$aR1911-0245$c20191127$lBLL01$h1045
=CAT  \\$aIPL-CLA$c20191231$lBLL01$h1936
=CAT  \\$aW2111-0842$c20211208$lBLL01$h1942
=CAT  \\$aIPL-CLA$c20211231$lBLL01$h1543
=CAT  \\$a5410$b40$c20221018$lBLL01$h1132
=CFI  0\$aCurrent copyright fee: GBP39.00$c35\0$e01-jan-2022$fGBP39.00$g0$hP$5Uk
=CFI  2\$aPrevious Copyright Fee: GBP32.00$c35\0$e01-jan-2020$fGBP32.00$g0$hP$5Uk
=EST  \\$a1
=FFP  \\$aY$bBLDSS-3PM
=FIN  \\$aY$d20051130
=LET  \0$aAstronomische Nachrichten (Online)
=MNI  \\$a0004-6337
=SID  \\$aZ39$bOCLC
=TCO  \\$aDEU$bVG WORT$c008
=TOC  \\$aETOC
=UNO  \\$aY
=ACF  \\$aPrevious Copyright Fee: GBP17.00$c35\0$e01-apr-2005$fGBP17.00$g0$hP$5Uk
=ACF  \\$aPrevious copyright fee: GBP22.00$c35\0$e01-jan-2011$fGBP22.00$g0$hP$5Uk
=ACF  \\$aPrevious copyright fee: GBP24.00$c35\0$e01-mar-2015$fGBP24.00$g0$hP$5Uk
=ACF  \\$aPrevious copyright fee: GBP28.00$c35\0$e01-jan-2019$fGBP28.00$g0$hP$5Uk
=LAS  \\$a5410$b40$c20221018$lBLL01$h1132

