=LDR  03940cas a2201021 a 4500
=001  013349637
=003  Uk
=005  20221018113354.0
=006  m\\\\\\\\d\\\\\\\\
=007  cr||||||||||||
=008  000523c20009999enkqr1pss\\\\\0\\\a0eng\d
=FMT  \\$a  SE
=010  \\$a00213833
=015  \\$aGBA602479$2bnb
=022  0\$a1530-261X
=037  \\$aISSN_1530261X$bPortico$nWiley
=040  \\$aNSD$cNSD$dWAU$dOCLCQ$dMYG$dOCL$dOCLCQ$dUk
=042  \\$ansdp$aukblsr
=050  14$aQC851
=082  10$a551$222
=210  0\$aAtmos. sci. lett.
=222  \0$aAtmospheric science letters
=245  00$aAtmospheric science letters$h[electronic resource] :$bASL.
=246  30$aASL
=260  \\$aLondon, UK :$bAcademic Press,$cc2000-
=260  2\$bElsevier Science
=260  3\$32006-$bWiley
=310  \\$aQuarterly
=336  \\$atext$2rdacontent
=337  \\$acomputer$2rdamedia
=338  \\$aonline resource$2rdacarrier
=362  0\$aVol. 1, no. 1 (Jan. 2000)-
=500  \\$aTitle from contents caption (viewed Nov. 7, 2001).
=500  \\$aLatest issue consulted: vol. 3, issues 2-4 (2002) (ScienceDirect).
=538  \\$aMode of access: World Wide Web.
=550  \\$aIssued by the Royal Meteorological Society.
=540  \\$aCurrent Copyright Fee: zero$c35\0$5Uk
=650  \0$aAtmospheric physics$vPeriodicals.
=710  2\$aRoyal Meteorological Society (Great Britain)
=859  \\$aELD$bejournal
=856  \\$31850-9999$uhttp://onlinelibrary.wiley.com/$xBLDSS
=852  41$aBritish Library$bSTI$jELD Digital store$3Volume 14:Number 1(2013:Jan./Mar.)-
=852  41$aBritish Library$bDSC$j1767.480000$32000 VOL 1 ISSU 1-Volume 15:Issue 4(2014)***See ESTAR for full holdings.
=945  \\$aAtmospheric science letters
=959  \\$fHeld but not currently received
=979  \\$aBritish Library$bDSC$j1767.480000
=985  \\$aCONFERENCE ANALYTIC RECORDS EXIST
=CAT  \\$a11281$b40$c20051130$lBLL01$h0913
=CAT  \\$a7174$b40$c20060929$lBLL01$h1105
=CAT  \\$a8180$b40$c20060929$lBLL01$h1129
=CAT  \\$a8180$b40$c20060929$lBLL01$h1130
=CAT  \\$aBATCH-UPD$b40$c20101116$lBLL01$h1335
=CAT  \\$aIPL-CLA$c20101231$lBLL01$h1517
=CAT  \\$aBATCH-CLA$b00$c20121109$lBLL01$h1728
=CAT  \\$aWR13.005$c20130323$lBLL01$h1331
=CAT  \\$aWR13.114$c20130717$lBLL01$h1313
=CAT  \\$aBATCH-PORT$c20130829$lBLL01$h1113
=CAT  \\$a10934$b40$c20131118$lBLL01$h1232
=CAT  \\$aWR14_009$c20140204$lBLL01$h2343
=CAT  \\$aBLDSS-3PM$b00$c20141214$lBLL01$h1523
=CAT  \\$aBATCH-UPD$b00$c20150215$lBLL01$h1657
=CAT  \\$aIPL-CLA$c20150228$lBLL01$h2049
=CAT  \\$aCDS15-UPD$b40$c20150918$lBLL01$h1640
=CAT  \\$aBATCH-UPD$b40$c20160518$lBLL01$h1853
=CAT  \\$aW1711-1005$c20171206$lBLL01$h1818
=CAT  \\$aBATCH-UPD$b00$c20180219$lBLL01$h1748
=CAT  \\$aBATCH-UPD$b00$c20181121$lBLL01$h1622
=CAT  \\$aIPL-CLA$c20181231$lBLL01$h1543
=CAT  \\$a5410$b40$c20191021$lBLL01$h1048
=CAT  \\$a5410$b40$c20191023$lBLL01$h0832
=CAT  \\$aR1911-0245$c20191127$lBLL01$h1037
=CAT  \\$aIPL-CLA$c20191231$lBLL01$h1936
=CAT  \\$a5410$b40$c20221018$lBLL01$h1133
=CFI  0\$aCurrent Copyright Fee: zero$c35\0$e01-jan-2020$fGBP0.00$g0$hP$5Uk
=CFI  2\$aPrevious copyright fee: GBP28.00$c35\0$e01-jan-2019$fGBP28.00$g0$hP$5Uk
=EST  \\$a1
=FFP  \\$aY$bBLDSS-3PM
=FIN  \\$aY$d20051130
=MNI  \\$a1530-261X
=SID  \\$aZ39$bOCLC
=TCO  \\$aCLA$bCLA$c008
=TOC  \\$aETOC
=UNO  \\$aY
=ACF  \\$aPrevious Copyright Fee: GBP18.00$c5\9$e01-apr-2004$fGBP18.00$g0$hP$5Uk
=ACF  \\$aPrevious Copyright Fee: GBP17.00$c35\0$e29-sep-2006$fGBP17.00$g0$hP$5Uk
=ACF  \\$aPrevious copyright fee: GBP22.00$c35\0$e01-jan-2011$fGBP22.00$g0$hP$5Uk
=ACF  \\$aPrevious copyright fee: GBP24.00$c35\0$e01-mar-2015$fGBP24.00$g0$hP$5Uk
=LAS  \\$a5410$b40$c20221018$lBLL01$h1133

