=LDR  04953cas a2201141 a 4500
=001  013349754
=003  Uk
=005  20230501202617.0
=006  m\\\\\\\\u\\\\\\\\
=007  cr\|||||||||||
=008  971231c19459999njumr\pss\\\\\0\\\a0eng\d
=FMT  \\$a  SE
=010  \\$asn 97001358
=015  \\$aGBB432807$2bnb
=022  0\$a1097-4679
=037  \\$aISSN_00219762$bPortico$nWiley
=040  \\$aNSD$cNSD$dOCL$dIUL$dNSD$dIUL$dOCLCQ$dIUL$dUk
=042  \\$ansdp$aukblsr
=050  \4$aRC321$b.J63
=082  04$a616.89$222
=130  0\$aJournal of clinical psychology (Online)
=210  0\$aJ. clin. psychol.$b(Online)
=222  \0$aJournal of clinical psychology$b(Online)
=245  10$aJournal of clinical psychology$h[electronic resource].
=246  1\$iBeginning in Mar. 1999, some issues published with title:$aJournal of clinical psychology/in session
=246  30$aIn session
=246  3\$aJournal of clinical psychology, in session
=246  13$aIn session, psychotherapy in practice
=260  \\$aNew York, NY :$bJohn Wiley & Sons
=310  \\$aMonthly,$b1999-
=321  \\$aFrequency varies,$b1945-1998
=336  \\$atext$2rdacontent
=337  \\$acomputer$2rdamedia
=338  \\$aonline resource$2rdacarrier
=362  1\$aPrint began in 1945.
=500  \\$aDescription based on: Vol. 52, issue 1 (Jan. 1996); title from table of contents (viewed Jan. 10, 2001).
=500  \\$aPublished: Hoboken, N.J., <2005->
=588  \\$aLatest issue consulted: volume 70, issue 4 (April 2014) (Wiley Online Library, viewed March 20, 2014).
=530  \\$aAlso issued in print.
=538  \\$aMode of access: World Wide Web.
=580  \\$aSupplemented by: Clinical psychology monographs, 1948; by: Journal of clinical psychology. Monograph supplement, 1948-1974; by: Archives of the bahavioral sciences, 1975-
=540  \\$aCurrent copyright fee: GBP39.00$c35\0$5Uk
=650  \0$aPsychology$vPeriodicals.
=710  2\$aWiley InterScience (Online service)
=770  1\$tClinical psychology monographs$g1948
=770  1\$tJournal of clinical psychology. Monograph supplement$g1948-1974
=770  1\$tArchives of the behavioral sciences$g1975-
=776  1\$tJournal of clinical psychology$x0021-9762
=780  05$tIn session (New York, N.Y. : 1995 : Online)$gMar. 1999$x1520-6572
=785  01$tJournal of community psychology (Online)$x1520-6629
=859  \\$aELD$bejournal
=856  \\$31850-9999$uhttp://onlinelibrary.wiley.com/$xBLDSS
=852  41$aBritish Library$bHMNTS$jELD Digital store$3Volume 69:Issue 1(2013:Jan.)-***Previous issues available in print copy
=852  41$aBritish Library$bDSC$j4958.690000$3Volume 4:Issue 4(1948)-Volume 74:Issue 3(2018)***See ESTAR for full holdings.
=945  \\$aJOURNAL OF CLINICAL PSYCHOLOGY.
=959  \\$fHeld but not currently received
=979  \\$aBritish Library$bDSC$j4958.690000
=CAT  \\$a7332$b40$c20051130$lBLL01$h1044
=CAT  \\$a7332$b40$c20051130$lBLL01$h1053
=CAT  \\$aBATCH-UPD$b40$c20060901$lBLL01$h0959
=CAT  \\$aBATCH-UPD$b40$c20060901$lBLL01$h1031
=CAT  \\$aBATCH-UPD$b40$c20101116$lBLL01$h1335
=CAT  \\$aIPL-CLA$c20101231$lBLL01$h1517
=CAT  \\$aWR12_168$c20121206$lBLL01$h1816
=CAT  \\$aWR13.005$c20130323$lBLL01$h1331
=CAT  \\$a5997$b40$c20140320$lBLL01$h1257
=CAT  \\$a8411$b40$c20140326$lBLL01$h0921
=CAT  \\$aBLDSS-3PM$b00$c20141214$lBLL01$h1523
=CAT  \\$aBATCH-UPD$b00$c20150215$lBLL01$h1657
=CAT  \\$aIPL-CLA$c20150228$lBLL01$h2049
=CAT  \\$aBATCH-UPD$b00$c20160526$lBLL01$h1811
=CAT  \\$aW1711-1005$c20171206$lBLL01$h1818
=CAT  \\$aBATCH-UPD$b00$c20180219$lBLL01$h1748
=CAT  \\$aW1805-0471$c20180520$lBLL01$h1139
=CAT  \\$aBATCH-UPD$b00$c20181121$lBLL01$h1622
=CAT  \\$aIPL-CLA$c20181231$lBLL01$h1543
=CAT  \\$aR1911-0245$c20191127$lBLL01$h0823
=CAT  \\$aR1911-0245$c20191127$lBLL01$h1045
=CAT  \\$aIPL-CLA$c20191231$lBLL01$h1936
=CAT  \\$aW2111-0842$c20211208$lBLL01$h1942
=CAT  \\$aIPL-CLA$c20211231$lBLL01$h1543
=CAT  \\$a5410$b40$c20230501$lBLL01$h2026
=CFI  0\$aCurrent copyright fee: GBP39.00$c35\0$e01-jan-2022$fGBP39.00$g0$hP$5Uk
=CFI  2\$aPrevious Copyright Fee: GBP32.00$c35\0$e01-jan-2020$fGBP32.00$g0$hP$5Uk
=EST  \\$a1
=FFP  \\$aY$bBLDSS-3PM
=FIN  \\$aY$d20051130
=LET  \0$aJournal of clinical psychology (Electronic)
=MNI  \\$a0021-9762
=SID  \\$aZ39$bOCLC
=TCO  \\$aTRS$bCCC$c008
=TOC  \\$aETOC
=UNO  \\$aY
=ACF  \\$aPrevious Copyright Fee: GBP17.00$c35\0$e01-apr-2005$fGBP17.00$g0$hP$5Uk
=ACF  \\$aPrevious copyright fee: GBP22.00$c35\0$e01-jan-2011$fGBP22.00$g0$hP$5Uk
=ACF  \\$aPrevious copyright fee: GBP24.00$c35\0$e01-mar-2015$fGBP24.00$g0$hP$5Uk
=ACF  \\$aPrevious copyright fee: GBP28.00$c35\0$e01-jan-2019$fGBP28.00$g0$hP$5Uk
=LAS  \\$a5410$b40$c20230501$lBLL01$h2026

