=LDR  03833cas a2200925 a 4500
=001  013349794
=003  Uk
=005  20191231193651.0
=006  m\\\\\\\\u\\\\\\\\
=007  cr\|||||||||||
=008  980109c19969999nyumx\pss\\\\\0\\\a0eng\d
=FMT  \\$a  SE
=010  \\$asn 97001390
=015  \\$aGBB432816$2bnb
=022  0\$a1097-0096
=037  \\$aISSN_00912751$bPortico$nWiley
=040  \\$aNSD$cNSD$dOCL$dNSD$dOCLCQ$dUk
=042  \\$ansdp$aukblsr
=082  04$a616.07543$222
=130  0\$aJournal of clinical ultrasound (Online)
=210  0\$aJ. clin. ultrasound$b(Online)
=222  \0$aJournal of clinical ultrasound$b(Online)
=245  10$aJournal of clinical ultrasound$h[electronic resource].
=246  10$aJCU
=260  \\$aNew York, NY :$bJohn Wiley & Sons
=310  \\$aNine no. a year
=336  \\$atext$2rdacontent
=337  \\$acomputer$2rdamedia
=338  \\$aonline resource$2rdacarrier
=362  1\$aCoverage as of Dec. 8, 2000: abstracts: Vol. 24, issue 1 (Jan. 1996)- ; full text: v. 25, issue 1 (Jan. 1997)-
=500  \\$aDescription based on: Vol. 24, issue 1 (Jan. 1996); title from table of contents (viewed Dec. 8, 2000).
=530  \\$aAlso issued in print.
=538  \\$aMode of access: World Wide Web.
=588  \\$aLatest issue consulted: volume 42, issue 3 (March/April 2014) (Wiley Online Library, viewed March 20, 2014).
=540  \\$aCurrent Copyright Fee: GBP32.00$c35\0$5Uk
=650  \0$aUltrasonics in medicine$vPeriodicals.
=776  1\$tJournal of clinical ultrasound$x0091-2751
=859  \\$aELD$bejournal
=856  \\$31850-9999$uhttp://onlinelibrary.wiley.com/$xBLDSS
=852  41$aBritish Library$bSTI$jELD Digital store$3Volume 41:Issue 1(2013:Jan.)-***Previous issues available in print copy
=852  41$aBritish Library$bDSC$j4958.791000$3Volume 34:Issue 2(2006)-Volume 42:Issue 9(2014)***See ESTAR for full holdings.
=945  \\$aJOURNAL OF CLINICAL ULTRASOUND.
=959  \\$fHeld but not currently received
=CAT  \\$a7332$b40$c20051130$lBLL01$h1059
=CAT  \\$aBATCH-UPD$b40$c20060901$lBLL01$h0959
=CAT  \\$aBATCH-UPD$b40$c20060901$lBLL01$h1031
=CAT  \\$aBATCH-UPD$b40$c20101116$lBLL01$h1335
=CAT  \\$aIPL-CLA$c20101231$lBLL01$h1517
=CAT  \\$aWR12_168$c20121206$lBLL01$h1816
=CAT  \\$aWR13.005$c20130323$lBLL01$h1331
=CAT  \\$a5997$b40$c20140320$lBLL01$h1357
=CAT  \\$a8411$b40$c20140326$lBLL01$h0934
=CAT  \\$a10902$b40$c20140923$lBLL01$h1307
=CAT  \\$aBLDSS-3PM$b00$c20141214$lBLL01$h1523
=CAT  \\$aBATCH-UPD$b00$c20150215$lBLL01$h1657
=CAT  \\$aIPL-CLA$c20150228$lBLL01$h2049
=CAT  \\$aCDS15-UPD$b40$c20150918$lBLL01$h1640
=CAT  \\$aBATCH-UPD$b40$c20160526$lBLL01$h1808
=CAT  \\$aW1711-1005$c20171206$lBLL01$h1818
=CAT  \\$aBATCH-UPD$b00$c20180219$lBLL01$h1748
=CAT  \\$aBATCH-UPD$b00$c20181121$lBLL01$h1622
=CAT  \\$aIPL-CLA$c20181231$lBLL01$h1543
=CAT  \\$aR1911-0245$c20191127$lBLL01$h0823
=CAT  \\$aR1911-0245$c20191127$lBLL01$h1045
=CAT  \\$aIPL-CLA$c20191231$lBLL01$h1936
=CFI  0\$aCurrent Copyright Fee: GBP32.00$c35\0$e01-jan-2020$fGBP32.00$g0$hP$5Uk
=CFI  2\$aPrevious copyright fee: GBP28.00$c35\0$e01-jan-2019$fGBP28.00$g0$hP$5Uk
=EST  \\$a1
=FFP  \\$aY$bBLDSS-3PM
=FIN  \\$aY$d20051130
=LET  \0$aJournal of clinical ultrasound (Electronic)
=MNI  \\$a0091-2751
=SID  \\$aZ39$bOCLC
=TCO  \\$aTRS$bCCC$c008
=TOC  \\$aETOC
=UNO  \\$aY
=ACF  \\$aPrevious Copyright Fee: GBP17.00$c35\0$e01-apr-2005$fGBP17.00$g0$hP$5Uk
=ACF  \\$aPrevious copyright fee: GBP22.00$c35\0$e01-jan-2011$fGBP22.00$g0$hP$5Uk
=ACF  \\$aPrevious copyright fee: GBP24.00$c35\0$e01-mar-2015$fGBP24.00$g0$hP$5Uk
=LAS  \\$aIPL-CLA$b00$c20191231$lBLL01$h1936

