=LDR  04443cas a2201033 a 4500
=001  013350157
=003  Uk
=005  20210420132705.0
=006  m\\\\\\\\d\\\\\\\\
=007  cr\|||||||||||
=008  000504c19879999ge\mr\pss\\\\\0\\\a0eng\d
=FMT  \\$a  SE
=010  \\$a2004229150
=015  \\$aGBB440671$2bnb
=022  \\$a1521-4125$y0930-7516
=037  \\$aISSN_09307516$bPortico$nWiley
=040  \\$aOH1$cOH1$dOCLCQ$dFUG$dOCLCQ$dOCL$dNSD$dUk
=042  \\$alcd
=050  \4$aTP1$b.C333
=082  04$a660.05$223
=130  0\$aChemical engineering & technology (Online)
=210  0\$aChem. eng. technol.$b(Online)
=222  \0$aChemical engineering & technology$b(Online)
=245  10$aChemical engineering & technology$h[electronic resource].
=246  3\$aChemical engineering and technology
=260  \\$aNew York :$bJ. Wiley
=264  31$aWeinheim :$bWiley-VCH Verlag GmbH & Co. KGaA
=336  \\$atext$2rdacontent
=337  \\$acomputer$2rdamedia
=338  \\$aonline resource$2rdacarrier
=362  1\$aPrint began with vol. 10, no. 1 (Feb. 1987).
=500  \\$aDescription based on: Vol. 22, issue 8 (Aug. 1999); title from general information screen (viewed May 4, 2000).
=538  \\$aMode of access: World Wide Web.
=588  \\$aLatest issue consulted: volume 37, issue 4 (April 2014) (Wiley Online Library, viewed April 14, 2014).
=550  \\$aPublished for: Gesellschaft Deutscher Chemiker, DECHEMA Deutsche Gesellschaft für Chemisches Apparatewesen, Chemische Technik und Biotechnologie, and VDI-Gesellschaft Verfahrenstechnik und Chemieingenieurwesen (GVC).
=540  \\$aCurrent Copyright Fee: GBP39.00$c35\0$5Uk
=650  \0$aChemical engineering$vPeriodicals.
=650  \0$aChemical processes$vPeriodicals.
=710  2\$aGesellschaft Deutscher Chemiker.
=710  2\$aDechema.
=710  2\$aVDI-Gesellschaft Verfahrenstechnik und Chemieingenieurwesen.
=776  08$iAlso issued in print as:$tChemical engineering and technology$x0930-7516
=859  \\$aELD$bejournal
=856  \\$31850-9999$uhttp://onlinelibrary.wiley.com/$xBLDSS
=852  41$aBritish Library$bSTI$jELD Digital store$3Volume 36:Issue 1(2013:Jan.)-***Previous issues available in print copy
=852  41$aBritish Library$bDSC$j3142.040000$3Volume 29:Issue 1(2006)-Volume 37:Issue 12(2014)***See ESTAR for full holdings.
=945  \\$aChemical engineering and technology
=959  \\$fHeld but not currently received
=CAT  \\$a11281$b40$c20051130$lBLL01$h1416
=CAT  \\$aIPL-CLA$c20101231$lBLL01$h1517
=CAT  \\$a12500$b40$c20110328$lBLL01$h0944
=CAT  \\$aWR12_168$c20121206$lBLL01$h1816
=CAT  \\$aBATCH-CLA$b00$c20130526$lBLL01$h1626
=CAT  \\$a8411$b40$c20140404$lBLL01$h1041
=CAT  \\$a5997$b40$c20140414$lBLL01$h1436
=CAT  \\$aBLDSS-3PM$b00$c20141214$lBLL01$h1523
=CAT  \\$aBATCH-UPD$b00$c20150215$lBLL01$h1657
=CAT  \\$aIPL-CLA$c20150228$lBLL01$h2049
=CAT  \\$aCDS15-UPD$b40$c20150918$lBLL01$h1640
=CAT  \\$aBATCH-UPD$b40$c20160517$lBLL01$h1538
=CAT  \\$aW1711-1005$c20171206$lBLL01$h1818
=CAT  \\$aBATCH-UPD$b00$c20180219$lBLL01$h1748
=CAT  \\$a5552$b40$c20181102$lBLL01$h1148
=CAT  \\$aIPL-CLA$c20181231$lBLL01$h1543
=CAT  \\$a5410$b40$c20190829$lBLL01$h0912
=CAT  \\$aR1911-0245$c20191127$lBLL01$h0944
=CAT  \\$aR1911-0245$c20191127$lBLL01$h1045
=CAT  \\$aIPL-CLA$c20191231$lBLL01$h1936
=CAT  \\$a12654$b40$c20210401$lBLL01$h0702
=CAT  \\$a5410$b40$c20210418$lBLL01$h2047
=CAT  \\$a5410$b40$c20210418$lBLL01$h2048
=CAT  \\$a5410$b40$c20210419$lBLL01$h0955
=CAT  \\$a5410$b40$c20210420$lBLL01$h1326
=CAT  \\$a5410$b40$c20210420$lBLL01$h1327
=CFI  0\$aCurrent Copyright Fee: GBP39.00$c35\0$e01-jan-2020$fGBP39.00$g0$hP$5Uk
=CFI  2\$aPrevious copyright fee: GBP45.00$c35\0$e01-jan-2019$fGBP45.00$g0$hP$5Uk
=EST  \\$a1
=FFP  \\$aY$bBLDSS-3PM
=FIN  \\$aY$d20051130
=MNI  \\$a0930-7516
=SID  \\$aZ39$bOCLC
=TCO  \\$aTRS$bCCC$c008
=TCO  \\$aDEU$bVG WORT$c008
=TOC  \\$aETOC
=UNO  \\$aY
=ACF  \\$aPrevious Copyright Fee: GBP17.00$c35\0$e01-apr-2005$fGBP17.00$g0$hP$5Uk
=ACF  \\$aPrevious copyright fee: GBP22.00$c35\0$e01-jan-2011$fGBP22.00$g0$hP$5Uk
=ACF  \\$aPrevious copyright fee: GBP24.00$c35\0$e01-mar-2015$fGBP24.00$g0$hP$5Uk
=LAS  \\$a5410$b40$c20210420$lBLL01$h1327

