=LDR  04109cas a2201009 a 4500
=001  013350793
=003  Uk
=005  20231016122455.0
=006  m\\\\\\\\d\\\\\\\\
=007  cr\cnu||||||||
=008  030910c20049999enkqx\pss\\\\\0\\\\0eng\c
=FMT  \\$a  SE
=010  \\$a2003215480
=015  \\$aGBA602669$2bnb
=022  0\$a1546-427X$l1546-4261$21
=037  \\$aISSN_15464261$bPortico$nWiley
=040  \\$aNSD$cNSD$dOCLCQ$dZCU$dUk
=042  \\$aukblsr
=050  14$aTR897.5$b.J68
=082  04$a006.6$222
=130  0\$aComputer animation and virtual worlds (Online)
=210  0\$aComput. animat. virtual worlds$b(Online)
=222  \0$aComputer animation and virtual worlds$b(Online)
=245  10$aComputer animation and virtual worlds$h[electronic resource].
=260  \\$aWest Sussex, U.K. :$bJohn Wiley and Sons,$c2004-
=310  \\$aFive no. a year
=336  \\$atext$2rdacontent
=337  \\$acomputer$2rdamedia
=338  \\$aonline resource$2rdacarrier
=362  0\$aVol. 15, issue 1 (Mar. 2004)-
=500  \\$aTitle from journal home page (Wiley InterScience, viewed Aug. 21, 2004).
=530  \\$aAlso issued in print.
=538  \\$aMode of access: World Wide Web.
=540  \\$aCurrent Copyright Fee: GBP32.00$c35\0$5Uk
=650  \0$aComputer animation$vPeriodicals.
=650  \0$aVisualization$vPeriodicals.
=776  1\$tComputer animation & virtual worlds
=780  00$tJournal of visualization and computer animation (Online)$x1099-1778
=859  \\$aELD$bejournal
=856  \\$31850-9999$uhttp://onlinelibrary.wiley.com/$xBLDSS
=852  41$aBritish Library$bHMNTS$jELD Digital store$3Volume 24:Number 1(2013:Jan./Feb.)-***previous issues available in print copy only
=852  41$aBritish Library$bDSC$j3393.596700$3Volume 17:Issue 1(2006)-Volume 25:Issue 5/6(2014)***See ESTAR for full holdings.
=945  \\$aComputer animation and virtual worlds
=959  \\$fHeld but not currently received
=979  \\$aBritish Library$bDSC$j3393.596700
=CAT  \\$a11281$b40$c20051201$lBLL01$h1120
=CAT  \\$a11281$b40$c20051201$lBLL01$h1122
=CAT  \\$a11279$b40$c20060105$lBLL01$h1602
=CAT  \\$a8180$b40$c20060511$lBLL01$h1313
=CAT  \\$aBATCH-UPD$b40$c20060901$lBLL01$h0959
=CAT  \\$aBATCH-UPD$b40$c20060901$lBLL01$h1031
=CAT  \\$aBATCH-UPD$b40$c20101116$lBLL01$h1335
=CAT  \\$aIPL-CLA$c20101231$lBLL01$h1517
=CAT  \\$a8201$b40$c20130520$lBLL01$h1125
=CAT  \\$aWR13.114$c20130717$lBLL01$h1313
=CAT  \\$aBATCH-PORT$c20130829$lBLL01$h1113
=CAT  \\$aWR14_009$c20140204$lBLL01$h2342
=CAT  \\$aBLDSS-3PM$b00$c20141214$lBLL01$h1523
=CAT  \\$aBATCH-UPD$b00$c20150215$lBLL01$h1657
=CAT  \\$aIPL-CLA$c20150228$lBLL01$h2049
=CAT  \\$aCDS15-UPD$b40$c20150918$lBLL01$h1640
=CAT  \\$aBATCH-UPD$b40$c20160530$lBLL01$h0003
=CAT  \\$aW1711-1005$c20171206$lBLL01$h1818
=CAT  \\$aBATCH-UPD$b00$c20180219$lBLL01$h1748
=CAT  \\$aBATCH-UPD$b00$c20181121$lBLL01$h1622
=CAT  \\$aIPL-CLA$c20181231$lBLL01$h1543
=CAT  \\$a5410$b40$c20191029$lBLL01$h0835
=CAT  \\$aR1911-0245$c20191127$lBLL01$h0823
=CAT  \\$aR1911-0245$c20191127$lBLL01$h1045
=CAT  \\$aIPL-CLA$c20191231$lBLL01$h1936
=CAT  \\$a5410$b40$c20221019$lBLL01$h1312
=CAT  \\$a12654$b40$c20231016$lBLL01$h1224
=CFI  0\$aCurrent Copyright Fee: GBP32.00$c35\0$e01-jan-2020$fGBP32.00$g0$hP$5Uk
=CFI  1\$aPending Copyright Fee: GBP39.00$c35\0$e01-jan-2024$fGBP39.00$g0$hP$5Uk
=CFI  2\$aPrevious copyright fee: GBP28.00$c35\0$e01-jan-2019$fGBP28.00$g0$hP$5Uk
=EST  \\$a1
=FFP  \\$aY$bBLDSS-3PM
=FIN  \\$aY$d20051201
=MNI  \\$a1546-4261
=SID  \\$aZ39$bOCLC
=TCO  \\$aCLA$bCLA$c008
=TOC  \\$aETOC
=UNO  \\$aY
=ACF  \\$aPrevious Copyright Fee: GBP17.00$c35\0$e01-apr-2005$fGBP17.00$g0$hP$5Uk
=ACF  \\$aPrevious copyright fee: GBP22.00$c35\0$e01-jan-2011$fGBP22.00$g0$hP$5Uk
=ACF  \\$aPrevious copyright fee: GBP24.00$c35\0$e01-mar-2015$fGBP24.00$g0$hP$5Uk
=LAS  \\$a12654$b40$c20231016$lBLL01$h1224

