=LDR  04099cas a2200997 a 4500
=001  013351031
=003  Uk
=005  20221019132047.0
=006  m\\\\\o\\d\\\\\\\\
=007  cr\cnu||||||||
=008  020801c20019999njuqr\pss\\\\\0\\\\0eng\c
=FMT  \\$a  SE
=010  \\$a2002214750
=015  \\$aGBB348989$2bnb
=022  0\$a1541-1508$y1536-5581$21
=037  \\$aISSN_15365581$bPortico$nWiley
=040  \\$aNSD$cNSD$dOCLCQ$dGUA$dF#A$dCUS$dOCLCQ$dUk
=042  \\$aukblsr
=043  \\$an-us---
=050  14$aKF9084.A15
=130  0\$aConflict resolution quarterly (Online)
=222  \0$aConflict resolution quarterly$b(Online)
=245  10$aConflict resolution quarterly$h[electronic resource].
=260  \\$a[Hoboken, NJ] :$bJohn Wiley & Sons
=310  \\$aQuarterly
=336  \\$atext$2rdacontent
=337  \\$acomputer$2rdamedia
=338  \\$aonline resource$2rdacarrier
=362  1\$aPrint began with v. 19, no. 2 (fall 2001).
=500  \\$aDescription based in: Vol. 19, issue 4 (summer 2002); title from contents screen (Interscience, viewed May 24, 4004).
=500  \\$aLatest issue consulted: Vol. 21, issue 2 (winter 2003), viewed May 24, 2004.
=538  \\$aMode of access: World Wide Web.
=550  \\$aIssued by the Association for Conflict Resolution.
=540  \\$aCurrent copyright fee: GBP39.00$c35\0$5Uk
=650  \0$aMediation$zUnited States$vPeriodicals.
=710  2\$aAssociation for Conflict Resolution.
=776  08$iPrint version:$tConflict resolution quarterly$x1536-5581
=780  00$tMediation quarterly (Online)$x1932-7544
=859  \\$aELD$bejournal
=856  \\$31850-9999$uhttp://onlinelibrary.wiley.com/$xBLDSS
=852  41$aBritish Library$bDSC$j3410.656500$3Volume 23:Issue 3(2006)-Volume 32:Issue 2(2014)***See ESTAR for full holdings.
=852  41$aBritish Library$bHMNTS$jELD Digital store$3Volume 30:Number 3(2013:Spring)-
=945  \\$aCONFLICT RESOLUTION QUARTERLY.
=959  \\$fHeld but not currently received
=979  \\$aBritish Library$bDSC$j3410.656500
=CAT  \\$a11281$b40$c20051201$lBLL01$h1403
=CAT  \\$aBATCH-UPD$b40$c20060901$lBLL01$h0959
=CAT  \\$aBATCH-UPD$b40$c20060901$lBLL01$h1031
=CAT  \\$aBATCH-UPD$b40$c20101116$lBLL01$h1335
=CAT  \\$aIPL-CLA$c20101231$lBLL01$h1517
=CAT  \\$aWR13.005$c20130323$lBLL01$h1332
=CAT  \\$a8201$b40$c20130517$lBLL01$h1535
=CAT  \\$aWR13.114$c20130717$lBLL01$h1313
=CAT  \\$aBATCH-PORT$c20130829$lBLL01$h1113
=CAT  \\$aWR14_009$c20140204$lBLL01$h2343
=CAT  \\$aBLDSS-3PM$b00$c20141214$lBLL01$h1523
=CAT  \\$aBATCH-UPD$b00$c20150215$lBLL01$h1657
=CAT  \\$aIPL-CLA$c20150228$lBLL01$h2049
=CAT  \\$aCDS15-UPD$b40$c20150918$lBLL01$h1640
=CAT  \\$aBATCH-UPD$b40$c20160524$lBLL01$h0922
=CAT  \\$aW1711-1005$c20171206$lBLL01$h1818
=CAT  \\$aBATCH-UPD$b00$c20180219$lBLL01$h1748
=CAT  \\$aBATCH-UPD$b00$c20181121$lBLL01$h1622
=CAT  \\$aIPL-CLA$c20181231$lBLL01$h1543
=CAT  \\$a5410$b40$c20191030$lBLL01$h0849
=CAT  \\$aR1911-0245$c20191127$lBLL01$h0823
=CAT  \\$aR1911-0245$c20191127$lBLL01$h1045
=CAT  \\$aIPL-CLA$c20191231$lBLL01$h1936
=CAT  \\$aW2111-0842$c20211208$lBLL01$h1942
=CAT  \\$aIPL-CLA$c20211231$lBLL01$h1543
=CAT  \\$a5410$b40$c20221019$lBLL01$h1320
=CFI  0\$aCurrent copyright fee: GBP39.00$c35\0$e01-jan-2022$fGBP39.00$g0$hP$5Uk
=CFI  2\$aPrevious Copyright Fee: GBP32.00$c35\0$e01-jan-2020$fGBP32.00$g0$hP$5Uk
=EST  \\$a1
=FFP  \\$aY$bBLDSS-3PM
=FIN  \\$aY$d20051201
=MNI  \\$a1536-5581
=SID  \\$aZ39$bOCLC
=TCO  \\$aTRS$bCCC$c008
=TOC  \\$aETOC
=UNO  \\$aY
=ACF  \\$aPrevious Copyright Fee: GBP17.00$c35\0$e01-apr-2005$fGBP17.00$g0$hP$5Uk
=ACF  \\$aPrevious copyright fee: GBP22.00$c35\0$e01-jan-2011$fGBP22.00$g0$hP$5Uk
=ACF  \\$aPrevious copyright fee: GBP24.00$c35\0$e01-mar-2015$fGBP24.00$g0$hP$5Uk
=ACF  \\$aPrevious copyright fee: GBP28.00$c35\0$e01-jan-2019$fGBP28.00$g0$hP$5Uk
=LAS  \\$a5410$b40$c20221019$lBLL01$h1320

