=LDR  05839cas a2201261 i 4500
=001  013351329
=003  Uk
=005  20230930080732.0
=006  m\\\\\\\\d\\\\\\\\
=007  cr\mnu||||||||
=008  971110c19899999enkmr\p\o\\\\\0\\\a0eng\d
=FMT  \\$a  SE
=015  \\$aGBA602747$2bnb
=022  0\$a1360-0451$y0954-0121
=037  \\$aISSN_09540121$bPortico$nTaylor & Francis
=040  \\$aF#A$cF#A$dOCL$dEYM$dMXC$dOCLCQ$dMUQ$dOCL$dUk
=042  \\$aukblsr
=082  04$a362.1969792$222
=130  0\$aAIDS care (Online)
=210  0\$aAIDS care$b(Online)
=222  \0$aAIDS care$b(Online)
=245  10$aAIDS care$h[electronic resource].
=246  3\$aAcquired immunodeficiency syndrome care
=260  \\$a[Abingdon] :$bCarfax International Publishers,$c[1996]-
=264  31$a[Abingdon] :$bRoutledge, Taylor & Francis Group
=310  \\$aMonthly,$b2009-
=321  \\$aTen issues yearly,$b2007-2008
=321  \\$aEight issues yearly,$b2004-2006
=321  \\$aBimonthly,$b1996-2003
=321  \\$aFive issues yearly,$b1994-1995
=321  \\$aQuarterly,$b1989-1993
=336  \\$atext$2rdacontent
=337  \\$acomputer$2rdamedia
=338  \\$aonline resource$2rdacarrier
=362  1\$aPrint began with vol. 1, no. 1, published in 1989.
=500  \\$a"Psychological and socio-medical aspects of AIDS/HIV."--journal home page, <Dec. 2015- >.
=588  \\$aDescription based on: Vol. 8, no. 6 (1996); title from journal information screen (viewed Nov. 9, 1997).
=588  \\$aLatest issue consulted: volume 27, number 10 (2015) (Taylor & Francis Online, viewed December 1, 2015).
=540  \\$aCurrent copyright fee: GBP46.00$c2\0$5Uk
=650  \0$aAIDS (Disease)$xSocial aspects$vPeriodicals.
=650  \0$aAIDS (Disease)$xPsychological aspects$vPeriodicals.
=650  \0$aAIDS (Disease)$xPatients$xCare$vPeriodicals.
=650  \2$aAcquired Immunodeficiency Syndrome.
=690  7\$aSocial Welfare$2blcoll
=776  08$iAlso issued in print as:$tAIDS care$x0954-0121
=859  \\$aELD$bejournal
=856  \\$31850-9999$uhttp://www.tandfonline.com/$xBLDSS
=852  41$aBritish Library$bHMNTS$jELD Digital store$3Volume 28:Issue 1(2016)-***Previous issues available in print copy
=852  41$aBritish Library$bDSC$j0773.083190$3Volume 18:Issue 1(2006)-Volume 23:Issue 12(2011)***See ESTAR for full holdings.
=945  \\$aAIDS CARE
=959  \\$fHeld but not currently received
=985  \\$aISSN responsibility transferred from ISSN UK Centre to U.S. ISSN Center Taylor & Francis, Multinational Publisher List, Summer 2016
=CAT  \\$a3072$b40$c20051201$lBLL01$h1653
=CAT  \\$a8478$b40$c20151201$lBLL01$h1342
=CAT  \\$a8323$b40$c20151201$lBLL01$h1550
=CAT  \\$a8323$b40$c20151201$lBLL01$h1618
=CAT  \\$aIPL-CLA$c20151231$lBLL01$h1922
=CAT  \\$a8323$b40$c20160104$lBLL01$h0949
=CAT  \\$a8037$b40$c20160121$lBLL01$h0950
=CAT  \\$a5552$b40$c20160304$lBLL01$h1218
=CAT  \\$aBATCH-UPD$b40$c20160717$lBLL01$h2301
=CAT  \\$aW1607-0553$c20160818$lBLL01$h0910
=CAT  \\$aW1607-0553$c20160818$lBLL01$h0915
=CAT  \\$aBATCH-UPD$b00$c20161122$lBLL01$h1446
=CAT  \\$aIPL-CLA$c20161230$lBLL01$h2148
=CAT  \\$aBATCH-UPD$b00$c20171121$lBLL01$h1620
=CAT  \\$aW1711-1005$c20171206$lBLL01$h1818
=CAT  \\$aIPL-CLA$c20171231$lBLL01$h1649
=CAT  \\$aBATCH-UPD$b00$c20181217$lBLL01$h1627
=CAT  \\$aIPL-CLA$c20181231$lBLL01$h1543
=CAT  \\$aBATCH-UPD$b00$c20191122$lBLL01$h1840
=CAT  \\$aIPL-CLA$c20191231$lBLL01$h1936
=CAT  \\$aBATCH-UPD$b00$c20201118$lBLL01$h1321
=CAT  \\$aIPL-CLA$c20201231$lBLL01$h1529
=CAT  \\$aBATCH-UPD$b00$c20221121$lBLL01$h1322
=CAT  \\$aIPL-CLA$c20221231$lBLL01$h1446
=CAT  \\$aR2308-1440$c20230824$lBLL01$h0928
=CAT  \\$aIPL-CLA$c20230930$lBLL01$h0807
=CFI  0\$aCurrent copyright fee: GBP46.00$c2\0$e01-oct-2023$fGBP46.00$g0$hP$5Uk
=CFI  2\$aPrevious copyright fee: GBP46.00$c1\0$e01-jan-2023$fGBP46.00$g0$hP$5Uk
=EST  \\$a1
=FFP  \\$aY$bBLDSS-3PM
=FIN  \\$aY$d20051201
=LEO  \\$aMP22.0000047868
=LET  \0$aAIDS care (Electronic)
=MNI  \\$a0954-0121
=SID  \\$aZ39$bOCLC
=SRC  \\$aISN01$bbibmp22.200404.2.aa
=TCO  \\$aCLA$bCLA$c008
=TOC  \\$aETOC
=ACF  \\$aPrevious copyright fee: GBP17.00$c1\0$e01-jan-2010$fGBP17.00$g0$hP$5Uk
=ACF  \\$aPrevious copyright fee: GBP16.00$c1\0$e01-jan-2009$fGBP16.00$g0$hP$5Uk
=ACF  \\$aPrevious copyright fee: GBP15.00$c1\0$e01-apr-2008$fGBP15.00$g0$hP$5Uk
=ACF  \\$aPrevious copyright fee: GBP16.00$c1\0$e01-jan-2007$fGBP16.00$g0$hP$5Uk
=ACF  \\$aPrevious copyright fee: GBP13.00$c1\0$e01-jan-2005$fGBP13.00$g0$hP$5Uk
=ACF  \\$aPrevious copyright fee: GBP21.00$c1\0$e01-jan-2011$fGBP21.00$g0$hP$5Uk
=ACF  \\$aPrevious copyright fee: GBP23.00$c1\0$e01-jan-2012$fGBP23.00$g0$hP$5Uk
=ACF  \\$aPrevious copyright fee: GBP23.50$c1\0$e01-jan-2013$fGBP23.50$g0$hP$5Uk
=ACF  \\$aPrevious copyright fee: GBP24.00$c1\0$e01-jan-2014$fGBP24.00$g0$hP$5Uk
=ACF  \\$aPrevious copyright fee: GBP26.00$c1\0$e01-jan-2016$fGBP26.00$g0$hP$5Uk
=ACF  \\$aPrevious copyright fee: GBP25.00$c1\0$e01-jan-2015$fGBP25.00$g0$hP$5Uk
=ACF  \\$aPrevious copyright fee: GBP34.00$c1\0$e04-mar-2016$fGBP34.00$g0$hP$5Uk
=ACF  \\$aPrevious copyright fee: GBP36.00$c1\0$e01-jan-2017$fGBP36.00$g0$hP$5Uk
=ACF  \\$aPrevious copyright fee: GBP38.00$c1\0$e01-jan-2018$fGBP38.00$g0$hP$5Uk
=ACF  \\$aPrevious copyright fee: GBP40.00$c1\0$e01-jan-2019$fGBP40.00$g0$hP$5Uk
=ACF  \\$aPrevious copyright fee: GBP42.00$c1\0$e01-jan-2020$fGBP42.00$g0$hP$5Uk
=ACF  \\$aPrevious copyright fee: GBP44.00$c1\0$e01-jan-2021$fGBP44.00$g0$hP$5Uk
=LAS  \\$aIPL-CLA$b00$c20230930$lBLL01$h0807

