=LDR  04759cas a2201105 a 4500
=001  013351426
=003  Uk
=005  20221019133303.0
=006  m\\\\\\\\d\\\\\\\\
=007  cr\|||||||||||
=008  990624c19989999gw\mr\pss\\\\\0\\\a0eng\d
=FMT  \\$a  SE
=010  \\$a2001212416
=015  \\$aGBB431354$2bnb
=022  \\$a1099-0682
=037  \\$aISSN_14341948$bPortico$nWiley
=040  \\$aDLM$cDLM$dNSD$dOCLCQ$dMUQ$dUk
=042  \\$ansdp$aukblsr
=050  \4$aQD146$b.E87
=082  10$a546$222
=130  0\$aEuropean journal of inorganic chemistry (Online)
=210  0\$aEur. j. inorg. chem.$b(Internet)
=222  \0$aEuropean journal of inorganic chemistry$b(Internet)
=245  10$aEuropean journal of inorganic chemistry$h[electronic resource].
=246  30$aEurJIC
=260  \\$aWeinheim, Germany :$bWiley-VCH,$cc1998-
=310  \\$aMonthly
=336  \\$atext$2rdacontent
=337  \\$acomputer$2rdamedia
=338  \\$aonline resource$2rdacarrier
=362  0\$aVol. 1998, issue 1 (Jan. 1998)-
=500  \\$aTitle from contents screen viewed Jan. 10, 2001.
=550  \\$aA journal of ChemPubSoc Europe.
=580  \\$aContinues all areas of inorganic chemistry from the following journals: Chemische Berichte Bulletin des sociétés chimiques belges; Bulletin de la Société chimique de France (Paris, France : 1985); Gazzetta chimica Italiana; and Recueil des travaux chimiques des Pays-Bas.
=588  \\$aLatest issue consulted: volume 2014, issue 8 (March 2014) (Wiley Online Library, viewed March 18, 2014).
=540  \\$aCurrent Copyright Fee: GBP39.00$c35\0$5Uk
=650  \0$aChemistry, Inorganic$vPeriodicals.
=650  \0$aOrganometallic chemistry$vPeriodicals.
=650  \0$aBioinorganic chemistry$vPeriodicals.
=650  \0$aSolid state chemistry$vPeriodicals.
=710  2\$aChemPubSoc Europe,$eissuing body.
=776  08$iAlso issued in print as:$tEuropean journal of inorganic chemistry$x1434-1948
=780  11$aRecueil des travaux chimiques des Pays-Bas
=780  11$tBulletin des sociétés chimiques belges
=780  11$tChemische Berichte/Recueil
=780  11$tBulletin de la Société chimique de France (Paris, France : 1985)
=780  11$tGazzetta chimica Italiana
=859  \\$aELD$bejournal
=856  \\$31850-9999$uhttp://onlinelibrary.wiley.com/$xBLDSS
=852  41$aBritish Library$bDSC$j3829.730450$32006:Issue 1-Issue 36(2014)***See ESTAR for full holdings.
=852  41$aBritish Library$bSTI$jELD Digital store$3Issue 1(2013)-***Previous issues available in print copy
=945  \\$aEUROPEAN JOURNAL OF INORGANIC CHEMISTRY.
=959  \\$fHeld but not currently received
=979  \\$aBritish Library$bDSC$j3829.730450
=CAT  \\$a11281$b40$c20051202$lBLL01$h0923
=CAT  \\$a11281$b40$c20051202$lBLL01$h0927
=CAT  \\$aBATCH-UPD$b40$c20060901$lBLL01$h0959
=CAT  \\$aBATCH-UPD$b40$c20060901$lBLL01$h1031
=CAT  \\$aBATCH-UPD$b40$c20101116$lBLL01$h1335
=CAT  \\$aIPL-CLA$c20101231$lBLL01$h1517
=CAT  \\$aWR12_168$c20121206$lBLL01$h1816
=CAT  \\$aWR13.005$c20130323$lBLL01$h1332
=CAT  \\$a5997$b40$c20140318$lBLL01$h1327
=CAT  \\$a5997$b40$c20140318$lBLL01$h1342
=CAT  \\$a5997$b40$c20140318$lBLL01$h1424
=CAT  \\$a8411$b40$c20140325$lBLL01$h0947
=CAT  \\$aBLDSS-3PM$b00$c20141214$lBLL01$h1523
=CAT  \\$aBATCH-UPD$b00$c20150215$lBLL01$h1657
=CAT  \\$aIPL-CLA$c20150228$lBLL01$h2049
=CAT  \\$aCDS15-UPD$b40$c20150918$lBLL01$h1640
=CAT  \\$aBATCH-UPD$b40$c20160522$lBLL01$h2347
=CAT  \\$aW1711-1005$c20171206$lBLL01$h1818
=CAT  \\$aBATCH-UPD$b00$c20180219$lBLL01$h1748
=CAT  \\$a5552$b40$c20181102$lBLL01$h1158
=CAT  \\$aIPL-CLA$c20181231$lBLL01$h1543
=CAT  \\$a5410$b40$c20190903$lBLL01$h1543
=CAT  \\$aR1911-0245$c20191127$lBLL01$h0944
=CAT  \\$aR1911-0245$c20191127$lBLL01$h1045
=CAT  \\$aIPL-CLA$c20191231$lBLL01$h1936
=CAT  \\$a5410$b40$c20221019$lBLL01$h1333
=CFI  0\$aCurrent Copyright Fee: GBP39.00$c35\0$e01-jan-2020$fGBP39.00$g0$hP$5Uk
=CFI  2\$aPrevious copyright fee: GBP45.00$c35\0$e01-jan-2019$fGBP45.00$g0$hP$5Uk
=EST  \\$a1
=FFP  \\$aY$bBLDSS-3PM
=FIN  \\$aY$d20051202
=LET  \0$aEuropean journal of inorganic chemistry (Electronic)
=MNI  \\$a1434-1948
=SID  \\$aZ39$bOCLC
=TCO  \\$aDEU$bVG WORT$c008
=TOC  \\$aETOC
=UNO  \\$aY
=ACF  \\$aPrevious Copyright Fee: GBP17.00$c35\0$e01-apr-2005$fGBP17.00$g0$hP$5Uk
=ACF  \\$aPrevious copyright fee: GBP22.00$c35\0$e01-jan-2011$fGBP22.00$g0$hP$5Uk
=ACF  \\$aPrevious copyright fee: GBP24.00$c35\0$e01-mar-2015$fGBP24.00$g0$hP$5Uk
=LAS  \\$a5410$b40$c20221019$lBLL01$h1333

