=LDR  03993cas a2200985 a 4500
=001  013351636
=003  Uk
=005  20221125155425.0
=006  m\\\\\o\\d\\\\\\\\
=007  cr\mnu||||||||
=008  980507c19909999xxkqr\pss\\\\\0\\\a0eng\d
=FMT  \\$a  SE
=010  \\$a2001213409
=015  \\$aGBB350646$2bnb
=022  0\$a1536-0717$y1052-2891$21
=037  \\$aISSN_10522891$bPortico$nWiley
=040  \\$aF#A$cF#A$dOCL$dNSD$dOCLCQ$dOCL$dUk
=042  \\$aukblsr
=043  \\$an-us---
=082  04$a374.973$222
=130  0\$aNew directions for adult and continuing education (Online)
=222  \0$aNew directions for adult and continuing education$b(Online)
=245  10$aNew directions for adult and continuing education$h[electronic resource].
=260  \\$a[San Francisco, CA] :$bJossey-Bass
=310  \\$aQuarterly
=336  \\$atext$2rdacontent
=337  \\$acomputer$2rdamedia
=338  \\$aonline resource$2rdacarrier
=362  1\$aPrint began with no. 45 (spring 1990).
=500  \\$aDescription based on: No. 77 (spring 1998); title from journal information screen (viewed May 4, 1998).
=530  \\$aAlso issued in print.
=538  \\$aMode of access: World Wide Web.
=540  \\$aCurrent copyright fee: GBP39.00$c35\0$5Uk
=650  \0$aAdult education$zUnited States$vPeriodicals.
=650  \0$aContinuing education$zUnited States$vPeriodicals.
=690  7\$aSocial Welfare$2blcoll
=776  1\$tNew directions for adult and continuing education$x1052-2891
=859  \\$aELD$bejournal
=856  \\$31850-9999$uhttp://onlinelibrary.wiley.com/$xBLDSS
=852  41$aBritish Library$bHMNTS$jELD Digital store$3Issue 137(2013)-
=852  41$aBritish Library$bDSC$j6083.312500$3112(2006)-Issue 157(2018)***See ESTAR for full holdings.
=945  \\$aNew directions for adult and continuing education
=959  \\$fHeld but not currently received
=979  \\$aBrtish Library$bDSC$j6083.312500
=CAT  \\$a8141$b40$c20051202$lBLL01$h1148
=CAT  \\$aBATCH-UPD$b40$c20060901$lBLL01$h1031
=CAT  \\$a5552$b40$c20060918$lBLL01$h1508
=CAT  \\$aBATCH-UPD$b40$c20101116$lBLL01$h1335
=CAT  \\$aIPL-CLA$c20101231$lBLL01$h1517
=CAT  \\$aBATCH$b00$c20110625$lBLL01$h0517
=CAT  \\$aBATCH-SWP4$c20110627$lBLL01$h1559
=CAT  \\$a8201$b40$c20130523$lBLL01$h0945
=CAT  \\$aWR13.114$c20130717$lBLL01$h1313
=CAT  \\$aBATCH-PORT$c20130829$lBLL01$h1114
=CAT  \\$aWR14_009$c20140204$lBLL01$h2342
=CAT  \\$aBLDSS-3PM$b00$c20141214$lBLL01$h1523
=CAT  \\$aBATCH-UPD$b00$c20150215$lBLL01$h1657
=CAT  \\$aIPL-CLA$c20150228$lBLL01$h2049
=CAT  \\$aBATCH-UPD$b00$c20160524$lBLL01$h0841
=CAT  \\$aW1711-1005$c20171206$lBLL01$h1818
=CAT  \\$aBATCH-UPD$b00$c20180219$lBLL01$h1748
=CAT  \\$aW1805-0471$c20180520$lBLL01$h1139
=CAT  \\$aBATCH-UPD$b00$c20181121$lBLL01$h1622
=CAT  \\$aIPL-CLA$c20181231$lBLL01$h1543
=CAT  \\$aR1911-0245$c20191127$lBLL01$h0823
=CAT  \\$aR1911-0245$c20191127$lBLL01$h1045
=CAT  \\$aIPL-CLA$c20191231$lBLL01$h1936
=CAT  \\$aW2111-0842$c20211208$lBLL01$h1942
=CAT  \\$aIPL-CLA$c20211231$lBLL01$h1543
=CAT  \\$a5410$b40$c20221125$lBLL01$h1554
=CFI  0\$aCurrent copyright fee: GBP39.00$c35\0$e01-jan-2022$fGBP39.00$g0$hP$5Uk
=CFI  2\$aPrevious Copyright Fee: GBP32.00$c35\0$e01-jan-2020$fGBP32.00$g0$hP$5Uk
=EST  \\$a1
=FFP  \\$aY$bBLDSS-3PM
=FIN  \\$aY$d20051202
=MNI  \\$a1052-2891
=SID  \\$aZ39$bOCLC
=TCO  \\$aCLA$bCLA$c008
=TOC  \\$aETOC
=UNO  \\$aY
=ACF  \\$aPrevious Copyright Fee: GBP17.00$c35\0$e01-apr-2005$fGBP17.00$g0$hP$5Uk
=ACF  \\$aPrevious copyright fee: GBP22.00$c35\0$e01-jan-2011$fGBP22.00$g0$hP$5Uk
=ACF  \\$aPrevious copyright fee: GBP24.00$c35\0$e01-mar-2015$fGBP24.00$g0$hP$5Uk
=ACF  \\$aPrevious copyright fee: GBP28.00$c35\0$e01-jan-2019$fGBP28.00$g0$hP$5Uk
=LAS  \\$a5410$b40$c20221125$lBLL01$h1554

