=LDR  04121cas a2201021 a 4500
=001  013351665
=003  Uk
=005  20230620134005.0
=006  m\\\\\o\\d\\\\\\\\
=007  cr\cnu||||||||
=008  010426c20019999nyuqr\pss\\\\\0\\\\0eng\c
=FMT  \\$a  SE
=010  \\$a2001214077
=015  \\$aGBB350649$2bnb
=022  0\$a1534-8687$l1520-3247$y1520-3247$21
=037  3\$aISSN_15203247_33$bPortico$nHindawi
=037  \\$aISSN_15203247$bPortico$nWiley
=040  \\$aNSD$cNSD$dOCLCQ$dUk
=042  \\$aukblsr
=082  04$a305.231$222
=130  0\$aNew directions for child and adolescent development (Online)
=210  0\$aNew dir. child adolesc. dev.$b(Online)
=222  \0$aNew directions for child and adolescent development$b(Online)
=245  10$aNew directions for child and adolescent development$h[electronic resource].
=260  \\$a[San Francisco, CA] :$bJossey-Bass
=310  \\$aQuarterly
=336  \\$atext$2rdacontent
=337  \\$acomputer$2rdamedia
=338  \\$aonline resource$2rdacarrier
=362  1\$aPrint began with no. 82 (winter 1998).
=500  \\$aTitle from journal information screen (viewed June 21, 1999).
=530  \\$aAlso issued in print.
=538  \\$aMode of access: World Wide Web.
=540  \\$aCurrent copyright fee: GBP39.00$c35\0$5Uk
=650  \0$aChild psychology$vPeriodicals.
=650  \0$aChild development$vPeriodicals.
=650  \0$aYouth$xPsychology$vPeriodicals.
=690  7\$aSocial Welfare$2blcoll
=776  1\$tNew directions for child and adolescent development$x1520-3247
=780  00$tNew directions for child development (Online)
=859  \\$aELD$bejournal
=856  \\$31850-9999$uhttp://onlinelibrary.wiley.com/$xBLDSS
=852  41$aBritish Library$bHMNTS$jELD Digital store$3Issue 139(2013)-
=852  41$aBritish Library$bDSC$j6083.323000$3Issue 22(1983)-Issue 159(2018)***See ESTAR for full holdings.
=945  \\$aNew directions for child and adolescent development
=959  \\$fHeld but not currently received
=979  \\$aBritish Library$bDSC$j6083.323000
=CAT  \\$a8141$b40$c20051202$lBLL01$h1209
=CAT  \\$aBATCH-UPD$b40$c20101116$lBLL01$h1335
=CAT  \\$aIPL-CLA$c20101231$lBLL01$h1517
=CAT  \\$aBATCH$b00$c20110625$lBLL01$h0517
=CAT  \\$aBATCH-SWP4$c20110627$lBLL01$h1559
=CAT  \\$a8201$b40$c20130523$lBLL01$h0954
=CAT  \\$aWR13.114$c20130717$lBLL01$h1313
=CAT  \\$aBATCH-PORT$c20130829$lBLL01$h1114
=CAT  \\$aWR14_009$c20140204$lBLL01$h2342
=CAT  \\$aBLDSS-3PM$b00$c20141214$lBLL01$h1523
=CAT  \\$aBATCH-UPD$b00$c20150215$lBLL01$h1657
=CAT  \\$aIPL-CLA$c20150228$lBLL01$h2049
=CAT  \\$aBATCH-UPD$b00$c20160530$lBLL01$h0003
=CAT  \\$aW1711-1005$c20171206$lBLL01$h1818
=CAT  \\$aBATCH-UPD$b00$c20180219$lBLL01$h1748
=CAT  \\$aW1805-0471$c20180520$lBLL01$h1139
=CAT  \\$aBATCH-UPD$b00$c20181121$lBLL01$h1622
=CAT  \\$aIPL-CLA$c20181231$lBLL01$h1543
=CAT  \\$aR1911-0245$c20191127$lBLL01$h0823
=CAT  \\$aR1911-0245$c20191127$lBLL01$h1045
=CAT  \\$aIPL-CLA$c20191231$lBLL01$h1936
=CAT  \\$aW2111-0842$c20211208$lBLL01$h1942
=CAT  \\$aIPL-CLA$c20211231$lBLL01$h1543
=CAT  \\$a5410$b40$c20221125$lBLL01$h1600
=CAT  \\$a15190$b40$c20230525$lBLL01$h1301
=CAT  \\$a14586$b40$c20230620$lBLL01$h1340
=CFI  0\$aCurrent copyright fee: GBP39.00$c35\0$e01-jan-2022$fGBP39.00$g0$hP$5Uk
=CFI  2\$aPrevious Copyright Fee: GBP32.00$c35\0$e01-jan-2020$fGBP32.00$g0$hP$5Uk
=EST  \\$a1
=FFP  \\$aY$bBLDSS-3PM
=FIN  \\$aY$d20051202
=MNI  \\$a1520-3247
=SID  \\$aZ39$bOCLC
=TCO  \\$aTRS$bCCC$c008
=TOC  \\$aETOC
=UNO  \\$aY
=ACF  \\$aPrevious Copyright Fee: GBP17.00$c35\0$e01-apr-2005$fGBP17.00$g0$hP$5Uk
=ACF  \\$aPrevious copyright fee: GBP22.00$c35\0$e01-jan-2011$fGBP22.00$g0$hP$5Uk
=ACF  \\$aPrevious copyright fee: GBP24.00$c35\0$e01-mar-2015$fGBP24.00$g0$hP$5Uk
=ACF  \\$aPrevious copyright fee: GBP28.00$c35\0$e01-jan-2019$fGBP28.00$g0$hP$5Uk
=LAS  \\$a14586$b40$c20230620$lBLL01$h1340

