=LDR  03986cas a2200973 a 4500
=001  013351689
=003  Uk
=005  20211231154325.0
=006  m\\\\\o\\d\\\\\\\\
=007  cr\mnu||||||||
=008  980610c19739999cauqr\pss\\\\\0\\\a0eng\d
=FMT  \\$a  SE
=010  \\$a2001213411
=015  \\$aGBB350652$2bnb
=022  0\$a1536-0733$y0194-3081$21
=037  \\$aISSN_01943081$bPortico$nWiley
=040  \\$aF#A$cF#A$dOCL$dNSD$dOCLCQ$dMUQ$dOCL$dUk
=042  \\$aukblsr
=043  \\$an-us---
=082  04$a378.15430973$222
=130  0\$aNew directions for community colleges (Online)
=222  \0$aNew directions for community colleges$b(Online)
=245  10$aNew directions for community colleges$h[electronic resource].
=260  \\$a[San Francisco, CA] :$bJossey-Bass
=310  \\$aQuarterly
=336  \\$atext$2rdacontent
=337  \\$acomputer$2rdamedia
=338  \\$aonline resource$2rdacarrier
=362  1\$aPrint began with no. 1 (spring 1973).
=500  \\$aDescription based on: No. 101 (spring 1998); title from journal information screen (viewed June 1, 1998).
=530  \\$aAlso issued in print.
=538  \\$aMode of access: World Wide Web.
=550  \\$aPublished in association with the ERIC Clearinghouse for Junior Colleges.
=540  \\$aCurrent copyright fee: GBP39.00$c35\0$5Uk
=650  \0$aCommunity colleges$zUnited States$vPeriodicals.
=710  2\$aERIC Clearinghouse for Junior Colleges.
=776  1\$tNew directions for community colleges$x0194-3081
=859  \\$aELD$bejournal
=856  \\$31850-9999$uhttp://onlinelibrary.wiley.com/$xBLDSS
=852  41$aBritish Library$bHMNTS$jELD Digital store$3Volume 2013:Issue 161(2013)-
=852  41$aBritish Library$bDSC$j6083.340000$32006:Issue 133(2006)-Volume 2014:Issue 168(2014)***See ESTAR for full holdings.
=945  \\$aNEW DIRECTIONS FOR COMMUNITY COLLEGES.
=959  \\$fHeld but not currently received
=979  \\$aBritish Library$nDSC$j6083.340000N
=CAT  \\$a8141$b40$c20051202$lBLL01$h1223
=CAT  \\$aBATCH-UPD$b40$c20060901$lBLL01$h0959
=CAT  \\$aBATCH-UPD$b40$c20060901$lBLL01$h1031
=CAT  \\$aBATCH-UPD$b40$c20101116$lBLL01$h1335
=CAT  \\$aIPL-CLA$c20101231$lBLL01$h1517
=CAT  \\$aWR13.005$c20130323$lBLL01$h1332
=CAT  \\$a8201$b40$c20130523$lBLL01$h0957
=CAT  \\$aWR13.114$c20130717$lBLL01$h1313
=CAT  \\$aBATCH-PORT$c20130829$lBLL01$h1114
=CAT  \\$aWR14_009$c20140204$lBLL01$h2342
=CAT  \\$aBLDSS-3PM$b00$c20141214$lBLL01$h1523
=CAT  \\$aBATCH-UPD$b00$c20150215$lBLL01$h1657
=CAT  \\$aIPL-CLA$c20150228$lBLL01$h2049
=CAT  \\$aCDS15-UPD$b40$c20150918$lBLL01$h1640
=CAT  \\$aBATCH-UPD$b40$c20160524$lBLL01$h0920
=CAT  \\$aW1711-1005$c20171206$lBLL01$h1818
=CAT  \\$aBATCH-UPD$b00$c20180219$lBLL01$h1748
=CAT  \\$aBATCH-UPD$b00$c20181121$lBLL01$h1622
=CAT  \\$aIPL-CLA$c20181231$lBLL01$h1543
=CAT  \\$aR1911-0245$c20191127$lBLL01$h0823
=CAT  \\$aR1911-0245$c20191127$lBLL01$h1045
=CAT  \\$a5410$b40$c20191206$lBLL01$h0939
=CAT  \\$aIPL-CLA$c20191231$lBLL01$h1936
=CAT  \\$aW2111-0842$c20211208$lBLL01$h1942
=CAT  \\$aIPL-CLA$c20211231$lBLL01$h1543
=CFI  0\$aCurrent copyright fee: GBP39.00$c35\0$e01-jan-2022$fGBP39.00$g0$hP$5Uk
=CFI  2\$aPrevious Copyright Fee: GBP32.00$c35\0$e01-jan-2020$fGBP32.00$g0$hP$5Uk
=EST  \\$a1
=FFP  \\$aY$bBLDSS-3PM
=FIN  \\$aY$d20051202
=MNI  \\$a0194-3081
=SID  \\$aZ39$bOCLC
=TCO  \\$aTRS$bCCC$c008
=TOC  \\$aETOC
=UNO  \\$aY
=ACF  \\$aPrevious Copyright Fee: GBP17.00$c35\0$e01-apr-2005$fGBP17.00$g0$hP$5Uk
=ACF  \\$aPrevious copyright fee: GBP22.00$c35\0$e01-jan-2011$fGBP22.00$g0$hP$5Uk
=ACF  \\$aPrevious copyright fee: GBP24.00$c35\0$e01-mar-2015$fGBP24.00$g0$hP$5Uk
=ACF  \\$aPrevious copyright fee: GBP28.00$c35\0$e01-jan-2019$fGBP28.00$g0$hP$5Uk
=LAS  \\$aIPL-CLA$b00$c20211231$lBLL01$h1543

