=LDR  04422cas a2201021 a 4500
=001  013351994
=003  Uk
=005  20221020135840.0
=006  m\\\\\\\\d\\\\\\\\
=007  cr\|||||||||||
=008  980319c19859999xxubr\pss\\\\\0\\\a0eng\d
=FMT  \\$a  SE
=010  \\$asn 98007926
=015  \\$aGBB436797$2bnb
=022  0\$a1098-2426$y0749-159X
=037  \\$aISSN_0749159X$bPortico$nWiley
=040  \\$aNSD$cNSD$dIUL$dTJC$dOCLCQ$dGUA$dOCLCQ$dOCL$dUk
=042  \\$ansdp$aukblsr
=082  04$a515.353$222
=130  0\$aNumerical methods for partial differential equations (Online)
=210  0\$aNumer. methods partial differ. equ.$b(Online)
=222  \0$aNumerical methods for partial differential equations$b(Online)
=245  10$aNumerical methods for partial differential equations$h[electronic resource].
=260  \\$a[New York, N.Y.] :$bWiley
=264  31$a[Hoboken, NJ] :$bWiley Periodicals, Inc
=310  \\$aBimonthly
=336  \\$atext$2rdacontent
=337  \\$acomputer$2rdamedia
=338  \\$aonline resource$2rdacarrier
=362  1\$aPrint began with vol. 1, no. 1 (spring 1985).
=500  \\$aDescription based on: Vol. 13, issue 1 (Jan. 1997); title from contents screen (viewed Mar. 3, 1998).
=588  \\$aLatest issue consulted: volume 30, issue 3 (May 2014) (Wiley Online Library, viewed April 4, 2014).
=538  \\$aMode of access: World Wide Web.
=595  \\$aSRIS SHARED STOCK.
=540  \\$aCurrent copyright fee: GBP39.00$c35\0$5Uk
=650  \0$aDifferential equations, Partial$xNumerical solutions$vPeriodicals.
=710  2\$aWiley InterScience (Online service)
=776  08$iAlso issued in print as:$tNumerical methods for partial differential equations$x0749-159X
=859  \\$aELD$bejournal
=856  \\$31850-9999$uhttp://onlinelibrary.wiley.com/$xBLDSS
=852  41$aBritish Library$bHMNTS$jELD Digital store$3Volume 29:Issue 1(2013:Jan.)-***Previous issues available in print copy
=852  41$aBritish Library$bDSC$j6184.696600$3Volume 22:Issue 1(2006)-Volume 30:Issue 6(2014)***See ESTAR for full holdings.
=945  \\$aNUMERICAL METHODS FOR PARTIAL DIFFERENTIAL EQUATIONS.
=959  \\$fHeld but not currently received
=979  \\$aBritish Library$bDSC$j6184.696600
=CAT  \\$a8141$b40$c20051202$lBLL01$h1600
=CAT  \\$aBATCH-UPD$b40$c20060901$lBLL01$h0959
=CAT  \\$aBATCH-UPD$b40$c20060901$lBLL01$h1031
=CAT  \\$aBATCH-UPD$b40$c20101116$lBLL01$h1335
=CAT  \\$aIPL-CLA$c20101231$lBLL01$h1517
=CAT  \\$aWR12_168$c20121206$lBLL01$h1836
=CAT  \\$aWR13.005$c20130323$lBLL01$h1332
=CAT  \\$aBATCH-CLA$b00$c20130526$lBLL01$h1635
=CAT  \\$a5997$b40$c20140404$lBLL01$h1050
=CAT  \\$a10983$b40$c20140408$lBLL01$h1329
=CAT  \\$aBLDSS-3PM$b00$c20141214$lBLL01$h1523
=CAT  \\$aBATCH-UPD$b00$c20150215$lBLL01$h1657
=CAT  \\$aIPL-CLA$c20150228$lBLL01$h2049
=CAT  \\$aCDS15-UPD$b40$c20150918$lBLL01$h1640
=CAT  \\$aBATCH-UPD$b40$c20160517$lBLL01$h1735
=CAT  \\$aW1711-1005$c20171206$lBLL01$h1818
=CAT  \\$aBATCH-UPD$b00$c20180219$lBLL01$h1748
=CAT  \\$aBATCH-UPD$b00$c20181121$lBLL01$h1622
=CAT  \\$aIPL-CLA$c20181231$lBLL01$h1543
=CAT  \\$aR1911-0245$c20191127$lBLL01$h0823
=CAT  \\$aR1911-0245$c20191127$lBLL01$h1045
=CAT  \\$aIPL-CLA$c20191231$lBLL01$h1936
=CAT  \\$a5410$b40$c20200902$lBLL01$h1428
=CAT  \\$aW2111-0842$c20211208$lBLL01$h1942
=CAT  \\$aIPL-CLA$c20211231$lBLL01$h1543
=CAT  \\$a5410$b40$c20221020$lBLL01$h1358
=CFI  0\$aCurrent copyright fee: GBP39.00$c35\0$e01-jan-2022$fGBP39.00$g0$hP$5Uk
=CFI  2\$aPrevious Copyright Fee: GBP32.00$c35\0$e01-jan-2020$fGBP32.00$g0$hP$5Uk
=EST  \\$a1
=FFP  \\$aY$bBLDSS-3PM
=FIN  \\$aY$d20051202
=LET  \0$aNumerical methods for partial differential equations (Electronic)
=MNI  \\$a0749-159X
=SID  \\$aZ39$bOCLC
=TCO  \\$aTRS$bCCC$c008
=TCO  \\$aCLA$bCLA$c008
=TOC  \\$aETOC
=UNO  \\$aY
=ACF  \\$aPrevious Copyright Fee: GBP17.00$c35\0$e01-apr-2005$fGBP17.00$g0$hP$5Uk
=ACF  \\$aPrevious copyright fee: GBP22.00$c35\0$e01-jan-2011$fGBP22.00$g0$hP$5Uk
=ACF  \\$aPrevious copyright fee: GBP24.00$c35\0$e01-mar-2015$fGBP24.00$g0$hP$5Uk
=ACF  \\$aPrevious copyright fee: GBP28.00$c35\0$e01-jan-2019$fGBP28.00$g0$hP$5Uk
=LAS  \\$a5410$b40$c20221020$lBLL01$h1358

