=LDR  04207cas a2201045 a 4500
=001  013352041
=003  Uk
=005  20221020140106.0
=006  m\\\\\\\\d\\\\\\\\
=007  cr\cnu\\\\\\\\
=008  020312c20029999enkqr1pss\\\\\0\\\a0eng\c
=FMT  \\$a  SE
=010  \\$a2002211090
=015  \\$aGBA602890$2bnb
=022  0\$a1539-1612
=037  \\$aISSN_15391604$bPortico$nWiley
=040  \\$aNSD$cNSD$dOCLCQ$dUk
=042  \\$ansdp$aukblsr
=050  10$aISSN RECORD
=082  04$a615.10727$222
=130  0\$aPharmaceutical statistics (Online)
=210  0\$aPharm. stat.$b(Online)
=222  \0$aPharmaceutical statistics$b(Online)
=245  10$aPharmaceutical statistics$h[electronic resource].
=260  \\$aChichester, U.K. :$bWiley,$cc2002-
=310  \\$aQuarterly,$bJan./Mar. 2003-
=321  \\$aSemiannual,$bJune 2002-Dec. 2002
=336  \\$atext$2rdacontent
=337  \\$acomputer$2rdamedia
=338  \\$aonline resource$2rdacarrier
=362  0\$aVol. 1, issue 1 (June 2002)-
=500  \\$aTitle from journal home page (viewed Apr. 22, 2003).
=500  \\$aIncludes abstracts and full text.
=500  \\$aLatest issue consulted: Vol. 2, issue 1 (Jan./Mar. 2003).
=530  \\$aAlso issued in print.
=538  \\$aMode of access: World Wide Web.
=550  \\$aJournal of Statisticians in the Pharmaceutical Industry.
=540  \\$aCurrent copyright fee: GBP46.00$c35\0$5Uk
=650  \0$aPharmacy$xStatistical methods$vPeriodicals.
=650  \0$aPharmacy$xStatistics$vPeriodicals.
=710  2\$aStatisticians in the Pharmaceutical Industry (Organization)
=776  1\$tPharmaceutical statistics$x1539-1604
=859  \\$aELD$bejournal
=856  \\$31850-9999$uhttp://onlinelibrary.wiley.com/$xBLDSS
=852  41$aBritish Library$bSTI$jELD Digital store$3Volume 12:Number 1(2013:Jan./Feb.)-***Previous issues available in print copy
=852  41$aBritish Library$bDSC$j6444.125000$3Volume 5:Issue 1(2006)-Volume 13:Number 6(2014)***See ESTAR for full holdings.
=945  \\$aPHARMACEUTICAL STATISTICS.
=959  \\$fHeld but not currently received
=979  \\$aBritish Library$bDSC$j6444.125000
=CAT  \\$a8141$b40$c20051202$lBLL01$h1658
=CAT  \\$aBATCH-UPD$b40$c20060901$lBLL01$h0959
=CAT  \\$aBATCH-UPD$b40$c20060901$lBLL01$h1031
=CAT  \\$aBATCH-UPD$b40$c20101116$lBLL01$h1335
=CAT  \\$aIPL-CLA$c20101231$lBLL01$h1517
=CAT  \\$aWR12_168$c20121206$lBLL01$h1816
=CAT  \\$aWR13.005$c20130323$lBLL01$h1333
=CAT  \\$aWR13.114$c20130717$lBLL01$h1313
=CAT  \\$aBATCH-PORT$c20130829$lBLL01$h1114
=CAT  \\$aWR14_009$c20140204$lBLL01$h2342
=CAT  \\$aBLDSS-3PM$b00$c20141214$lBLL01$h1523
=CAT  \\$aBATCH-UPD$b00$c20150215$lBLL01$h1657
=CAT  \\$aIPL-CLA$c20150228$lBLL01$h2049
=CAT  \\$aCDS15-UPD$b40$c20150918$lBLL01$h1640
=CAT  \\$aBATCH-UPD$b40$c20160616$lBLL01$h1245
=CAT  \\$aW1711-1005$c20171206$lBLL01$h1818
=CAT  \\$aBATCH-UPD$b00$c20180219$lBLL01$h1748
=CAT  \\$aBATCH-UPD$b00$c20181121$lBLL01$h1622
=CAT  \\$aIPL-CLA$c20181231$lBLL01$h1543
=CAT  \\$aR1911-0245$c20191127$lBLL01$h0944
=CAT  \\$aR1911-0245$c20191127$lBLL01$h1045
=CAT  \\$a5410$b40$c20191209$lBLL01$h0919
=CAT  \\$aIPL-CLA$c20191231$lBLL01$h1936
=CAT  \\$aW2111-0842$c20211209$lBLL01$h1035
=CAT  \\$aIPL-CLA$c20211231$lBLL01$h1543
=CAT  \\$a5410$b40$c20221020$lBLL01$h1401
=CFI  0\$aCurrent copyright fee: GBP46.00$c35\0$e01-jan-2022$fGBP46.00$g0$hP$5Uk
=CFI  2\$aPrevious Copyright Fee: GBP39.00$c35\0$e01-jan-2020$fGBP39.00$g0$hP$5Uk
=EST  \\$a1
=FFP  \\$aY$bBLDSS-3PM
=FIN  \\$aY$d20051202
=MNI  \\$a1539-1604
=SID  \\$aZ39$bOCLC
=TCO  \\$aCLA$bCLA$c008
=TOC  \\$aETOC
=UNO  \\$aY
=ACF  \\$aPrevious Copyright Fee: GBP17.00$c35\0$e01-apr-2005$fGBP17.00$g0$hP$5Uk
=ACF  \\$aPrevious copyright fee: GBP22.00$c35\0$e01-jan-2011$fGBP22.00$g0$hP$5Uk
=ACF  \\$aPrevious copyright fee: GBP24.00$c35\0$e01-mar-2015$fGBP24.00$g0$hP$5Uk
=ACF  \\$aPrevious copyright fee: GBP28.00$c35\0$e01-jan-2019$fGBP28.00$g0$hP$5Uk
=LAS  \\$a5410$b40$c20221020$lBLL01$h1401

