=LDR  04972cas a2201093 a 4500
=001  013352064
=003  Uk
=005  20230930080735.0
=006  m\\\\\\\\d\\\\\\\\
=007  cr\cnu||||||||
=008  990624c19789999enkqr\pss\\\\\0\\\a0eng\d
=FMT  \\$a  SE
=010  \\$asn 99004084
=015  \\$aGBB348947$2bnb
=022  0\$a1525-6014$y0148-0545
=037  \\$aISSN_01480545_98$bPortico$nInforma Healthcare
=037  3\$aISSN_01480545$bPortico$nTaylor & Francis
=040  \\$aNSD$cNSD$dOCLCQ$dF#A$dOCLCQ$dSBH$dUk
=042  \\$aukblsr
=082  10$a615.9005$222
=130  0\$aDrug and chemical toxicology (New York, N.Y. : 1978 : Online)
=210  0\$aDrug chem. toxicol.$b(New York, N.Y., 1978, Online)
=222  \0$aDrug and chemical toxicology$b(New York, N.Y. 1978. Online)
=245  10$aDrug and chemical toxicology$h[electronic resource].
=260  \\$aNew York, NY :$bMarcel Dekker, Inc.
=260  3\$a[London] :$bInforma Healthcare
=310  \\$aQuarterly
=336  \\$atext$2rdacontent
=337  \\$acomputer$2rdamedia
=338  \\$aonline resource$2rdacarrier
=362  1\$aPrint began with vol. 1 (1977/78).
=500  \\$aDescription based on: Vol. 23, issue 1 (2000); title from contents screen (viewed Mar. 8, 2001).
=500  \\$aLatest issue consulted: Vol. 34, no. 1 (Jan. 2011) (Informa Healthcare, viewed Jan. 26, 2011).
=530  \\$aAlso issued in print.
=538  \\$aMode of access: World Wide Web.
=540  \\$aCurrent copyright fee: GBP46.00$c2\0$5Uk
=650  \0$aToxicology$vPeriodicals.
=650  \0$aDrugs$xToxicology$vPeriodicals.
=650  \0$aToxicology, Experimental$vPeriodicals.
=859  \\$aELD$bejournal
=856  \\$31850-9999$uhttp://informahealthcare.com$xBLDSS
=852  41$aBritish Library$bHMNTS$jELD Digital store$3Volume 36:Number 1(2013:Jan.)-***Previous issues available in print copy
=852  41$aBritish Library$bDSC$j3627.985000$3Volume 29:Issue 1(2006)-Volume 34:Issue 4(2011)***See ESTAR for full holdings.
=945  \\$aDRUG AND CHEMICAL TOXICOLOGY -INTERNATIONAL JOURNAL-
=959  \\$fHeld but not currently received
=CAT  \\$a11439$b40$c20051203$lBLL01$h0848
=CAT  \\$aBLDSS-3PM$b00$c20141121$lBLL01$h1802
=CAT  \\$a5552$b40$c20150209$lBLL01$h1134
=CAT  \\$aIPL-CLA$c20150331$lBLL01$h1642
=CAT  \\$aBATCH-UPD$b00$c20151119$lBLL01$h1559
=CAT  \\$a14412$b40$c20151205$lBLL01$h1116
=CAT  \\$aIPL-CLA$c20151231$lBLL01$h1922
=CAT  \\$a14448$b40$c20160204$lBLL01$h0924
=CAT  \\$a14448$b40$c20160205$lBLL01$h0938
=CAT  \\$a11433$b40$c20160415$lBLL01$h1448
=CAT  \\$a11433$b40$c20160415$lBLL01$h1450
=CAT  \\$aBATCH-UPD$b40$c20160524$lBLL01$h2148
=CAT  \\$aBATCH-UPD$b40$c20160524$lBLL01$h2158
=CAT  \\$aBATCH-UPD$b40$c20161122$lBLL01$h1538
=CAT  \\$aIPL-CLA$c20161230$lBLL01$h2149
=CAT  \\$aBATCH-UPD$b00$c20171121$lBLL01$h1718
=CAT  \\$aW1711-1005$c20171206$lBLL01$h1818
=CAT  \\$aIPL-CLA$c20171231$lBLL01$h1649
=CAT  \\$aBATCH-UPD$b00$c20181217$lBLL01$h1705
=CAT  \\$aIPL-CLA$c20181231$lBLL01$h1543
=CAT  \\$aBATCH-UPD$b00$c20210126$lBLL01$h1323
=CAT  \\$aIPL-CLA$c20210126$lBLL01$h1447
=CAT  \\$aBATCH-UPD$b00$c20221121$lBLL01$h1423
=CAT  \\$aIPL-CLA$c20221231$lBLL01$h1446
=CAT  \\$aR2308-1440$c20230824$lBLL01$h0928
=CAT  \\$aIPL-CLA$c20230930$lBLL01$h0807
=CFI  0\$aCurrent copyright fee: GBP46.00$c2\0$e01-oct-2023$fGBP46.00$g0$hP$5Uk
=CFI  2\$aPrevious copyright fee: GBP46.00$c45\0$e01-jan-2023$fGBP46.00$g0$hP$5Uk
=EST  \\$a1
=FFP  \\$aY$bBLDSS-3PM
=FIN  \\$aY$d20051203
=LKR  \\$aPAR$b007842708$lBLL01$nDrug and chemical toxicology (Print)$mDrug and chemical toxicology (Online)$r776
=MNI  \\$a0148-0545
=SID  \\$aZ39$bOCLC
=TCO  \\$aCLA$bCLA$c008
=TOC  \\$aETOC
=ACF  \\$aPrevious copyright fee: GBP15.00$c2\0$e01-apr-2008$fGBP15.00$g0$hP$5Uk
=ACF  \\$aPrevious copyright fee: GBP16.00$c2\0$e01-jan-2007$fGBP16.00$g0$hP$5Uk
=ACF  \\$aPrevious Copyright Fee: GBP13.00$c2\0$e01-jan-2006$fGBP13.00$g0$hP$5Uk
=ACF  \\$aPrevious Copyright Fee: GBP15.68$c0$e01-oct-2005$fGBP15.68$g0$hC$5Uk
=ACF  \\$aCurrent copyright fee: GBP16.00$c2\0$e01-jan-2009$fGBP16.00$g0$hP$5Uk
=ACF  \\$aPrevious copyright fee: GBP29.00$c45\0$e09-nov-2009$fGBP29.00$g0$hP$5Uk
=ACF  \\$aPrevious copyright fee: GBP33.00$c45\0$e01-apr-2015$fGBP33.00$g0$hP$5Uk
=ACF  \\$aPrevious copyright fee: GBP34.00$c45\0$e01-jan-2016$fGBP34.00$g0$hP$5Uk
=ACF  \\$aPrevious copyright fee: GBP36.00$c45\0$e01-jan-2017$fGBP36.00$g0$hP$5Uk
=ACF  \\$aPrevious copyright fee: GBP38.00$c45\0$e01-jan-2018$fGBP38.00$g0$hP$5Uk
=ACF  \\$aPrevious copyright fee: GBP40.00$c45\0$e01-jan-2019$fGBP40.00$g0$hP$5Uk
=ACF  \\$aPrevious copyright fee: GBP44.00$c45\0$e26-jan-2021$fGBP44.00$g0$hP$5Uk
=LAS  \\$aIPL-CLA$b00$c20230930$lBLL01$h0807

