=LDR  05220cas a2201129 a 4500
=001  013352088
=003  Uk
=005  20221231144646.0
=006  m\\\\\\\\d\\\\\\\\
=007  cr\mnu||||||||
=008  971014c199u9999enkbr\p\o\\\\\0\\\a0eng\d
=FMT  \\$a  SE
=015  \\$aGBA602925$2bnb
=022  0\$a1466-4313
=037  \\$aISSN_1350486X$bPortico$nTaylor & Francis
=040  \\$aF#A$cF#A$dOCL$dEYM$dOCLCQ$dOCL$dMUQ$dUk
=042  \\$aukblsr
=082  04$a650.0151$222
=130  0\$aApplied mathematical finance (Online)
=210  0\$aAppl. math. financ.$b(Online)
=222  \0$aApplied mathematical finance$b(Online)
=245  10$aApplied mathematical finance$h[electronic resource].
=260  \\$a[Andover, Hants, United Kingdom] :$bChapman & Hall,$c[1994]-
=260  3\$a[London] :$bRoutledge, Taylor & Francis Group
=310  \\$aBimonthly,$b2008-
=321  \\$aFive issues yearly,$b2007
=321  \\$aQuarterly,$bSept. 1994-2006
=336  \\$atext$2rdacontent
=337  \\$acomputer$2rdamedia
=338  \\$aonline resource$2rdacarrier
=500  \\$aLater issues published: Abingdon.
=588  \\$aDescription based on: Vol. 3, no. 4 (1997); title from journal information screen.
=588  \\$aLatest issue consulted: volume 22, number 5 (2015) (Taylor & Francis Online, viewed December 18, 2015).
=540  \\$aCurrent copyright fee: GBP37.00$c2\0$5Uk
=650  \0$aBusiness mathematics$vPeriodicals.
=776  08$iAlso issued in print as:$tApplied mathematical finance$x1350-486X
=856  \\$31850-9999$uhttp://www.tandfonline.com/$xBLDSS
=859  \\$aELD$bejournal
=852  41$aBritish Library$bHMNTS$jELD Digital store$3Volume 23:Issue 1(2016)-***Previous issues available in print copy
=852  41$aBritish Library$bDSC$j1573.705000$3Volume 13:Issue 1(2006)-Volume 18:Issue 6(2011)***See ESTAR for full holdings.
=945  \\$aAPPLIED MATHEMATICAL FINANCE
=959  \\$fHeld but not currently received
=985  \\$aISSN responsibility transferred from ISSN UK Centre to U.S. ISSN Center Taylor & Francis, Multinational Publisher List, Summer 2016
=CAT  \\$a6550$b40$c20051203$lBLL01$h1047
=CAT  \\$aBLDSS-3PM$b00$c20141130$lBLL01$h1248
=CAT  \\$aIPL-CLA$c20141231$lBLL01$h1653
=CAT  \\$aBATCH-UPD$b00$c20151119$lBLL01$h1543
=CAT  \\$a8464$b40$c20151208$lBLL01$h0757
=CAT  \\$a8464$b40$c20151208$lBLL01$h0758
=CAT  \\$a8323$b40$c20151218$lBLL01$h1156
=CAT  \\$aIPL-CLA$c20151231$lBLL01$h1922
=CAT  \\$a8323$b40$c20160104$lBLL01$h1010
=CAT  \\$a8037$b40$c20160122$lBLL01$h0912
=CAT  \\$aBATCH-UPD$b40$c20160620$lBLL01$h0201
=CAT  \\$aW1607-0553$c20160818$lBLL01$h0910
=CAT  \\$aW1607-0553$c20160818$lBLL01$h0915
=CAT  \\$aBATCH-UPD$b00$c20161122$lBLL01$h1512
=CAT  \\$aIPL-CLA$c20161230$lBLL01$h2149
=CAT  \\$aBATCH-UPD$b00$c20171121$lBLL01$h1647
=CAT  \\$aW1711-1005$c20171206$lBLL01$h1818
=CAT  \\$aIPL-CLA$c20171231$lBLL01$h1649
=CAT  \\$aBATCH-UPD$b00$c20181217$lBLL01$h1638
=CAT  \\$aIPL-CLA$c20181231$lBLL01$h1543
=CAT  \\$aBATCH-UPD$b00$c20191122$lBLL01$h1900
=CAT  \\$aIPL-CLA$c20191231$lBLL01$h1937
=CAT  \\$aBATCH-UPD$b00$c20201118$lBLL01$h1334
=CAT  \\$aIPL-CLA$c20201231$lBLL01$h1529
=CAT  \\$aBATCH-UPD$b00$c20221121$lBLL01$h1347
=CAT  \\$aIPL-CLA$c20221231$lBLL01$h1446
=CFI  0\$aCurrent copyright fee: GBP37.00$c2\0$e01-jan-2023$fGBP37.00$g0$hP$5Uk
=CFI  2\$aPrevious copyright fee: GBP35.00$c2\0$e01-jan-2021$fGBP35.00$g0$hP$5Uk
=EST  \\$a1
=FFP  \\$aY$bBLDSS-3PM
=FIN  \\$aY$d20051203
=LEO  \\$aMP22.0000061005
=LET  \0$aApplied mathematical finance (Electronic)
=MNI  \\$a1350-486X
=SID  \\$aZ39$bOCLC
=SRC  \\$aISN01$bbibmp22.200404.2.aa
=TCO  \\$aCLA$bCLA$c008
=TOC  \\$aETOC
=ACF  \\$aPrevious copyright fee: GBP17.00$c2\0$e01-jan-2010$fGBP17.00$g0$hP$5Uk
=ACF  \\$aPrevious copyright fee: GBP16.00$c2\0$e01-jan-2009$fGBP16.00$g0$hP$5Uk
=ACF  \\$aPrevious copyright fee: GBP15.00$c2\0$e01-apr-2008$fGBP15.00$g0$hP$5Uk
=ACF  \\$aPrevious copyright fee: GBP16.00$c2\0$e01-jan-2007$fGBP16.00$g0$hP$5Uk
=ACF  \\$aPrevious copyright fee: GBP13.00$c2\0$e01-jan-2005$fGBP13.00$g0$hP$5Uk
=ACF  \\$aPrevious copyright fee: GBP21.00$c2\0$e01-jan-2011$fGBP21.00$g0$hP$5Uk
=ACF  \\$aPrevious copyright fee: GBP23.00$c2\0$e01-jan-2012$fGBP23.00$g0$hP$5Uk
=ACF  \\$aPrevious copyright fee: GBP23.50$c2\0$e01-jan-2013$fGBP23.50$g0$hP$5Uk
=ACF  \\$aPrevious copyright fee: GBP24.00$c2\0$e01-jan-2014$fGBP24.00$g0$hP$5Uk
=ACF  \\$aPrevious copyright fee: GBP25.00$c2\0$e01-jan-2015$fGBP25.00$g0$hP$5Uk
=ACF  \\$aPrevious copyright fee: GBP26.00$c2\0$e01-jan-2016$fGBP26.00$g0$hP$5Uk
=ACF  \\$aPrevious copyright fee: GBP28.00$c2\0$e01-jan-2017$fGBP28.00$g0$hP$5Uk
=ACF  \\$aPrevious copyright fee: GBP30.00$c2\0$e01-jan-2018$fGBP30.00$g0$hP$5Uk
=ACF  \\$aPrevious copyright fee: GBP32.00$c2\0$e01-jan-2019$fGBP32.00$g0$hP$5Uk
=ACF  \\$aPrevious copyright fee: GBP34.00$c2\0$e01-jan-2020$fGBP34.00$g0$hP$5Uk
=LAS  \\$aIPL-CLA$b00$c20221231$lBLL01$h1446

