=LDR  05391cas a2201177 a 4500
=001  013352094
=003  Uk
=005  20221231144646.0
=006  m\\\\\\\\d\\\\\\\\
=007  cr\cnu||||||||
=008  980716c19679999nyumx\p\o\\\\\0\\\a0eng\d
=FMT  \\$a  SE
=010  \\$asn 98000826
=015  \\$aGBB5I2782$2bnb
=022  \\$a1520-569X$y0570-4928
=037  \\$aISSN_05704928$bPortico$nTaylor & Francis
=040  \\$aNSD$cNSD$dOCL$dNSD$dOCLCQ$dUk
=042  \\$aukblsr
=082  04$a535.84$222
=130  0\$aApplied spectroscopy reviews (Online)
=210  0\$aAppl. spectrosc. rev.$b(Online)
=222  \0$aApplied spectroscopy reviews$b(Online)
=245  10$aApplied spectroscopy reviews$h[electronic resource].
=260  \\$aNew York, NY :$bMarcel Dekker, Inc.
=264  31$32005-$a[New York] :$bTaylor & Francis
=310  \\$aTen issues yearly,$b2015-
=321  \\$aEight issues yearly,$b2011-2014
=321  \\$aBimonthly,$b2006-2010
=321  \\$aQuarterly,$b-2005
=321  \\$aSemiannual,$b1967-
=336  \\$atext$2rdacontent
=337  \\$acomputer$2rdamedia
=338  \\$aonline resource$2rdacarrier
=362  1\$aPrint began in 1967.
=588  \\$aDescription based on: Vol. 034, no. 001-002 (1999); title from journal information screen (viewed Nov. 22, 1999).
=588  \\$aLatest issue consulted: volume 50, issue 10 (2015) (Taylor & Francis Online, viewed December 18, 2015).
=540  \\$aCurrent copyright fee: GBP43.00$c2\0$5Uk
=650  \0$aSpectrum analysis$vPeriodicals.
=776  08$iAlso issued in print as:$tApplied spectroscopy reviews$x0570-4928
=856  \\$31850-9999$uhttp://www.tandfonline.com/$xBLDSS
=859  \\$aELD$bejournal
=852  41$aBritish Library$bSTI$jELD Digital store$3Volume 51:Issue 1(2016)-***Previous issues available in print copy
=852  41$aBritish Library$bDSC$j1579.500000$3Volume 41:Issue 1(2006)-Volume 46:Issue 8(2011)***See ESTAR for full holdings.
=945  \\$aAPPLIED SPECTROSCOPY REVIEWS -JOURNAL EDITION-
=959  \\$fHeld but not currently received
=CAT  \\$a6550$b40$c20051203$lBLL01$h1115
=CAT  \\$aBATCH-UPD$b00$c20141124$lBLL01$h1753
=CAT  \\$aBLDSS-3PM$b00$c20141130$lBLL01$h1248
=CAT  \\$aIPL-CLA$c20141231$lBLL01$h1653
=CAT  \\$aBATCH-UPD$b00$c20151119$lBLL01$h1534
=CAT  \\$a11296$b40$c20151202$lBLL01$h1412
=CAT  \\$a8323$b40$c20151218$lBLL01$h1617
=CAT  \\$aIPL-CLA$c20151231$lBLL01$h1922
=CAT  \\$a8323$b40$c20160104$lBLL01$h1310
=CAT  \\$a8037$b40$c20160122$lBLL01$h0917
=CAT  \\$a5552$b40$c20160229$lBLL01$h1410
=CAT  \\$aIPL-CLA$c20160331$lBLL01$h1731
=CAT  \\$aBATCH-UPD$b00$c20160725$lBLL01$h1718
=CAT  \\$aBATCH-UPD$b00$c20161122$lBLL01$h1505
=CAT  \\$aIPL-CLA$c20161230$lBLL01$h2149
=CAT  \\$aBATCH-UPD$b00$c20171121$lBLL01$h1655
=CAT  \\$aW1711-1005$c20171206$lBLL01$h1818
=CAT  \\$aIPL-CLA$c20171231$lBLL01$h1649
=CAT  \\$aBATCH-UPD$b00$c20181217$lBLL01$h1644
=CAT  \\$aIPL-CLA$c20181231$lBLL01$h1543
=CAT  \\$aBATCH-UPD$b00$c20191122$lBLL01$h1906
=CAT  \\$aIPL-CLA$c20191231$lBLL01$h1937
=CAT  \\$aBATCH-UPD$b00$c20201118$lBLL01$h1340
=CAT  \\$aIPL-CLA$c20201231$lBLL01$h1529
=CAT  \\$aBATCH-UPD$b00$c20221121$lBLL01$h1339
=CAT  \\$aIPL-CLA$c20221231$lBLL01$h1446
=CFI  0\$aCurrent copyright fee: GBP43.00$c2\0$e01-jan-2023$fGBP43.00$g0$hP$5Uk
=CFI  2\$aPrevious copyright fee: GBP41.00$c2\0$e01-jan-2021$fGBP41.00$g0$hP$5Uk
=EST  \\$a1
=FFP  \\$aY$bBLDSS-3PM
=FIN  \\$aY$d20051203
=LET  \0$aApplied spectroscopy reviews (Electronic)
=MNI  \\$a0570-4928
=SID  \\$aZ39$bOCLC
=TCO  \\$aTRS$bCCC$c008
=TCO  \\$aCLA$bCLA$c008
=TOC  \\$aETOC
=ACF  \\$aPrevious copyright fee: GBP21.00$c2\0$e01-jan-2011$fGBP21.00$g0$hP$5Uk
=ACF  \\$aPrevious copyright fee: GBP17.00$c2\0$e01-jan-2010$fGBP17.00$g0$hP$5Uk
=ACF  \\$aPrevious copyright fee: GBP16.00$c2\0$e01-jan-2009$fGBP16.00$g0$hP$5Uk
=ACF  \\$aPrevious copyright fee: GBP15.00$c2\0$e01-apr-2008$fGBP15.00$g0$hP$5Uk
=ACF  \\$aPrevious copyright fee: GBP16.00$c2\0$e01-jan-2007$fGBP16.00$g0$hP$5Uk
=ACF  \\$aPrevious Copyright Fee: GBP13.00$c2\0$e01-jan-2006$fGBP13.00$g0$hP$5Uk
=ACF  \\$aPrevious Copyright Fee: GBP15.68$c0$e01-oct-2005$fGBP15.68$g0$hC$5Uk
=ACF  \\$aPrevious copyright fee: GBP23.00$c2\0$e01-jan-2012$fGBP23.00$g0$hP$5Uk
=ACF  \\$aPrevious copyright fee: GBP27.00$c2\0$e08-nov-2012$fGBP27.00$g0$hP$5Uk
=ACF  \\$aPrevious copyright fee: GBP27.50$c2\0$e01-jan-2013$fGBP27.50$g0$hP$5Uk
=ACF  \\$aPrevious copyright fee: GBP28.00$c2\0$e01-jan-2014$fGBP28.00$g0$hP$5Uk
=ACF  \\$aPrevious copyright fee: GBP30.00$c2\0$e01-jan-2015$fGBP30.00$g0$hP$5Uk
=ACF  \\$aPrevious copyright fee: GBP34.00$c2\0$e01-jan-2016$fGBP34.00$g0$hP$5Uk
=ACF  \\$aPrevious copyright fee: GBP31.00$c2\0$e01-apr-2016$fGBP31.00$g0$hP$5Uk
=ACF  \\$aPrevious copyright fee: GBP33.00$c2\0$e01-jan-2017$fGBP33.00$g0$hP$5Uk
=ACF  \\$aPrevious copyright fee: GBP35.00$c2\0$e01-jan-2018$fGBP35.00$g0$hP$5Uk
=ACF  \\$aPrevious copyright fee: GBP37.00$c2\0$e01-jan-2019$fGBP37.00$g0$hP$5Uk
=ACF  \\$aPrevious copyright fee: GBP39.00$c2\0$e01-jan-2020$fGBP39.00$g0$hP$5Uk
=LAS  \\$aIPL-CLA$b00$c20221231$lBLL01$h1446

