=LDR  05275cas a2201141 i 4500
=001  013352392
=003  Uk
=005  20221231144648.0
=006  m\\\\\\\\d\\\\\\\\
=007  cr\|||||||||||
=008  020606c19979999enkqr\pss\\\\\0\\\a0eng\d
=FMT  \\$a  SE
=015  \\$aGBA603048$2bnb
=022  0\$a1477-223X
=037  \\$aISSN_10253866$bPortico$nTaylor & Francis
=040  \\$aF#A$cF#A$dOCLCQ$dOCLCS$dUk
=042  \\$aukblsr
=082  04$a306.305$222
=130  0\$aConsumption, markets & culture (Online)
=222  \0$aConsumption, markets and culture$b(Online)
=245  10$aConsumption, markets & culture$h[electronic resource].
=246  30$aConsumption, markets and culture
=260  \\$a[London] :$bGordon and Breach,$c[2002]-
=260  3\$a[Abingdon] :$bRoutledge
=310  \\$aQuarterly
=336  \\$atext$2rdacontent
=337  \\$acomputer$2rdamedia
=338  \\$aonline resource$2rdacarrier
=500  \\$aDescription based on: Vol. 5, no. 1 (2002); title from journal information screen (viewed May 31, 2002).
=588  \\$aLatest issue consulted: volume 19, issue 3 (2016) (Taylor & Francis Online, viewed March 16, 2016).
=538  \\$aMode of access: World Wide Web.
=540  \\$aCurrent copyright fee: GBP37.00$c2\0$5Uk
=650  \0$aConsumption (Economics)$xSocial aspects$vPeriodicals.
=650  \0$aConsumers$xAttitudes$vPeriodicals.
=650  \0$aMarketing$xSocial aspects$vPeriodicals.
=690  7\$aManagement and Business Studies$2blcoll
=776  08$iAlso issued in print as:$tConsumption, markets & culture$x1025-3866
=859  \\$aELD$bejournal
=856  \\$31850-9999$uhttp://www.tandfonline.com/$xBLDSS
=852  41$aBritish Library$bHMNTS$jELD Digital store$3Volume 19:Issue 3(2016)-***Previous issues available in print copy
=852  41$aBritish Library$bDSC$j3424.764500$3Volume 9:Issue 1(2006)-Volume 14:Issue 4(2011)***See ESTAR for full holdings.
=945  \\$aCONSUMPTION MARKETS AND CULTURE.
=959  \\$fHeld but not currently received
=985  \\$aISSN responsibility transferred from ISSN UK Centre to U.S. ISSN Center Taylor & Francis, Multinational Publisher List, Summer 2016
=CAT  \\$a3072$b40$c20051205$lBLL01$h1137
=CAT  \\$aIPL-CLA$c20131231$lBLL01$h2357
=CAT  \\$aBATCH-UPD$b00$c20141124$lBLL01$h1802
=CAT  \\$aBLDSS-3PM$b00$c20141130$lBLL01$h1248
=CAT  \\$aIPL-CLA$c20141231$lBLL01$h1653
=CAT  \\$aBATCH-UPD$b00$c20151119$lBLL01$h1543
=CAT  \\$a8464$b40$c20151229$lBLL01$h1032
=CAT  \\$aIPL-CLA$c20151231$lBLL01$h1922
=CAT  \\$a8478$b40$c20160205$lBLL01$h1156
=CAT  \\$a5997$b40$c20160316$lBLL01$h1242
=CAT  \\$aBATCH-UPD$b40$c20160603$lBLL01$h1939
=CAT  \\$aW1607-0553$c20160818$lBLL01$h0910
=CAT  \\$aW1607-0553$c20160818$lBLL01$h0915
=CAT  \\$aBATCH-UPD$b00$c20161122$lBLL01$h1512
=CAT  \\$aIPL-CLA$c20161230$lBLL01$h2149
=CAT  \\$aBATCH-UPD$b00$c20171121$lBLL01$h1647
=CAT  \\$aW1711-1005$c20171206$lBLL01$h1818
=CAT  \\$aIPL-CLA$c20171231$lBLL01$h1649
=CAT  \\$aBATCH-UPD$b00$c20181217$lBLL01$h1638
=CAT  \\$aIPL-CLA$c20181231$lBLL01$h1543
=CAT  \\$aBATCH-UPD$b00$c20191122$lBLL01$h1900
=CAT  \\$aIPL-CLA$c20191231$lBLL01$h1937
=CAT  \\$aBATCH-UPD$b00$c20201118$lBLL01$h1334
=CAT  \\$aIPL-CLA$c20201231$lBLL01$h1529
=CAT  \\$aBATCH-UPD$b00$c20221121$lBLL01$h1347
=CAT  \\$aIPL-CLA$c20221231$lBLL01$h1446
=CFI  0\$aCurrent copyright fee: GBP37.00$c2\0$e01-jan-2023$fGBP37.00$g0$hP$5Uk
=CFI  2\$aPrevious copyright fee: GBP35.00$c2\0$e01-jan-2021$fGBP35.00$g0$hP$5Uk
=EST  \\$a1
=FFP  \\$aY$bBLDSS-3PM
=FIN  \\$aY$d20051205
=LEO  \\$aMP22.0000069061
=LET  \0$aConsumption markets & culture
=MNI  \\$a1025-3866
=SID  \\$aZ39$bOCLC
=SRC  \\$aISN01$bbibmp22.200404.2.aa
=TCO  \\$aCLA$bCLA$c008
=TOC  \\$aETOC
=ACF  \\$aPrevious copyright fee: GBP17.00$c2\0$e01-jan-2010$fGBP17.00$g0$hP$5Uk
=ACF  \\$aPrevious copyright fee: GBP16.00$c2\0$e01-jan-2009$fGBP16.00$g0$hP$5Uk
=ACF  \\$aPrevious copyright fee: GBP15.00$c2\0$e01-apr-2008$fGBP15.00$g0$hP$5Uk
=ACF  \\$aPrevious copyright fee: GBP16.00$c2\0$e01-jan-2007$fGBP16.00$g0$hP$5Uk
=ACF  \\$aPrevious copyright fee: GBP13.00$c2\0$e01-jan-2005$fGBP13.00$g0$hP$5Uk
=ACF  \\$aPrevious copyright fee: GBP21.00$c2\0$e01-jan-2011$fGBP21.00$g0$hP$5Uk
=ACF  \\$aPrevious copyright fee: GBP23.00$c2\0$e01-jan-2012$fGBP23.00$g0$hP$5Uk
=ACF  \\$aPrevious copyright fee: GBP23.50$c2\0$e01-jan-2013$fGBP23.50$g0$hP$5Uk
=ACF  \\$aPrevious copyright fee: GBP24.00$c2\0$e01-jan-2014$fGBP24.00$g0$hP$5Uk
=ACF  \\$aPrevious copyright fee: GBP25.00$c2\0$e01-jan-2015$fGBP25.00$g0$hP$5Uk
=ACF  \\$aPrevious copyright fee: GBP26.00$c2\0$e01-jan-2016$fGBP26.00$g0$hP$5Uk
=ACF  \\$aPrevious copyright fee: GBP28.00$c2\0$e01-jan-2017$fGBP28.00$g0$hP$5Uk
=ACF  \\$aPrevious copyright fee: GBP30.00$c2\0$e01-jan-2018$fGBP30.00$g0$hP$5Uk
=ACF  \\$aPrevious copyright fee: GBP32.00$c2\0$e01-jan-2019$fGBP32.00$g0$hP$5Uk
=ACF  \\$aPrevious copyright fee: GBP34.00$c2\0$e01-jan-2020$fGBP34.00$g0$hP$5Uk
=LAS  \\$aIPL-CLA$b00$c20221231$lBLL01$h1446

