=LDR  04426cas a2201081 a 4500
=001  013352422
=003  Uk
=005  20221020140607.0
=006  m\\\\\\\\d\\\\\\\\
=007  cr\mn\||||||||
=008  990630c19849999nyumx\poo\\\\\0\\\a0eng\d
=FMT  \\$a  SE
=010  \\$a00238316
=015  \\$aGBB352469$2bnb
=022  0\$a1520-6793$y0742-6046
=037  \\$aISSN_07426046$bPortico$nWiley
=040  \\$aDLM$cDLM$dIUL$dNSD$dEYM$dOCLCQ$dGUA$dOCLCQ$dMUQ$dUk
=042  \\$ansdp$aukblsr
=050  14$aHF5415
=082  04$a658.80019$222
=130  0\$aPsychology and marketing (Online)
=210  0\$aPsychol. market.$b(Online)
=222  \0$aPsychology & marketing$b(Online)
=245  10$aPsychology & marketing$h[electronic resource].
=246  3\$aPsychology and marketing
=260  \\$a[New York, N.Y.] :$bJohn Wiley & Sons
=310  \\$aMonthly,$b2000-
=321  \\$aEight no. a year,$b<1996>-1999
=336  \\$atext$2rdacontent
=337  \\$acomputer$2rdamedia
=338  \\$aonline resource$2rdacarrier
=362  1\$aPrint began with vol. 1, no. 1 (spring 1984).
=500  \\$aSome issues also have distinctive titles.
=500  \\$aDescription based on: Vol. 14, issue 1 (Jan. 1997); title from contents screen (Wiley Interscience, viewed Jan. 14, 2004).
=500  \\$aLatest issue consulted: Vol. 21, issue 2 (Feb. 2004), viewed Jan. 14, 2004.
=530  \\$aAlso issued in print.
=538  \\$aMode of access: World Wide Web.
=540  \\$aCurrent copyright fee: GBP39.00$c35\0$5Uk
=650  \0$aMarketing$xPsychological aspects$vPeriodicals.
=650  \0$aMotivation research (Marketing)$vPeriodicals.
=650  \6$aMarketing$xAspect psychologique$vPériodiques.
=650  \6$aMotivation, Études de (Marketing)$vPériodiques.
=690  7\$aManagement and Business Studies$2blcoll
=710  2\$aWiley InterScience (Online service)
=776  1\$tPsychology and marketing$x0742-6046
=859  \\$aELD$bejournal
=856  \\$31850-9999$uhttp://onlinelibrary.wiley.com/$xBLDSS
=852  41$aBritish Library$bHMNTS$jELD Digital store$3Volume 30:Issue 1(2013)-
=852  41$aBritish Library$bDSC$j6946.535340$3Volume 23:Issue 1(2006)-Volume 31:Issue 12(2014)***See ESTAR for full holdings.
=945  \\$aPSYCHOLOGY AND MARKETING
=959  \\$fHeld but not currently received
=979  \\$aBritish Library$bDSC$j6946.535340
=CAT  \\$a8141$b40$c20051205$lBLL01$h1150
=CAT  \\$aBATCH$b00$c20090624$lBLL01$h1708
=CAT  \\$aBATCH-UPD$b00$c20101116$lBLL01$h1335
=CAT  \\$aIPL-CLA$c20101231$lBLL01$h1517
=CAT  \\$aWR12_168$c20121206$lBLL01$h1816
=CAT  \\$aWR13.005$c20130323$lBLL01$h1333
=CAT  \\$a8323$b40$c20130529$lBLL01$h1142
=CAT  \\$aWR13.114$c20130717$lBLL01$h1313
=CAT  \\$aBATCH-PORT$c20130829$lBLL01$h1114
=CAT  \\$aWR14_009$c20140204$lBLL01$h2341
=CAT  \\$aBLDSS-3PM$b00$c20141214$lBLL01$h1523
=CAT  \\$aBATCH-UPD$b00$c20150215$lBLL01$h1657
=CAT  \\$aIPL-CLA$c20150228$lBLL01$h2049
=CAT  \\$aCDS15-UPD$b40$c20150918$lBLL01$h1640
=CAT  \\$aBATCH-UPD$b40$c20160531$lBLL01$h1618
=CAT  \\$aW1711-1005$c20171206$lBLL01$h1818
=CAT  \\$aBATCH-UPD$b00$c20180219$lBLL01$h1748
=CAT  \\$aBATCH-UPD$b00$c20181121$lBLL01$h1622
=CAT  \\$aIPL-CLA$c20181231$lBLL01$h1543
=CAT  \\$aR1911-0245$c20191127$lBLL01$h0823
=CAT  \\$aR1911-0245$c20191127$lBLL01$h1045
=CAT  \\$aIPL-CLA$c20191231$lBLL01$h1937
=CAT  \\$a5410$b40$c20200726$lBLL01$h2056
=CAT  \\$aW2111-0842$c20211208$lBLL01$h1942
=CAT  \\$aIPL-CLA$c20211231$lBLL01$h1543
=CAT  \\$a5410$b40$c20221020$lBLL01$h1406
=CFI  0\$aCurrent copyright fee: GBP39.00$c35\0$e01-jan-2022$fGBP39.00$g0$hP$5Uk
=CFI  2\$aPrevious Copyright Fee: GBP32.00$c35\0$e01-jan-2020$fGBP32.00$g0$hP$5Uk
=EST  \\$a1
=FFP  \\$aY$bBLDSS-3PM
=FIN  \\$aY$d20051205
=MNI  \\$a0742-6046
=SID  \\$aZ39$bOCLC
=TCO  \\$aTRS$bCCC$c008
=TOC  \\$aETOC
=UNO  \\$aY
=ACF  \\$aPrevious Copyright Fee: GBP17.00$c35\0$e01-apr-2005$fGBP17.00$g0$hP$5Uk
=ACF  \\$aPrevious copyright fee: GBP22.00$c35\0$e01-jan-2011$fGBP22.00$g0$hP$5Uk
=ACF  \\$aPrevious copyright fee: GBP24.00$c35\0$e01-mar-2015$fGBP24.00$g0$hP$5Uk
=ACF  \\$aPrevious copyright fee: GBP28.00$c35\0$e01-jan-2019$fGBP28.00$g0$hP$5Uk
=LAS  \\$a5410$b40$c20221020$lBLL01$h1406

