=LDR  03955cas a2200997 a 4500
=001  013352497
=003  Uk
=005  20221126150508.0
=006  m\\\\\\\\d\\\\\\\\
=007  cr\cnu||||||||
=008  990630c19649999nyubr\pss\\\\\0\\\a0eng\d
=FMT  \\$a  SE
=010  \\$a00238322
=015  \\$aGBB430895$2bnb
=022  0\$a1520-6807$y0033-3085
=037  \\$aISSN_00333085$bPortico$nWiley
=040  \\$aDLM$cDLM$dIUL$dNSD$dOCLCQ$dMYG$dOCLCQ$dMUQ$dUk
=042  \\$ansdp$aukblsr
=050  14$aLB1101
=082  04$a370.15$222
=130  0\$aPsychology in the schools (Online)
=210  0\$aPsychol. sch.$b(Online)
=222  \0$aPsychology in the schools$b(Online)
=245  10$aPsychology in the schools$h[electronic resource].
=260  \\$a[New York] :$bWiley
=310  \\$aBimonthly,$b1999-
=321  \\$aQuarterly,$b-<1998>
=336  \\$atext$2rdacontent
=337  \\$acomputer$2rdamedia
=338  \\$aonline resource$2rdacarrier
=362  1\$aPrint began in 1964.
=500  \\$aDescription based on: Vol. 33, issue 1 (Jan. 1996); title from journal home page.
=500  \\$aLatest issue consulted: Vol. 39, issue 5 (Sept. 2002).
=506  \\$aText and graphics (electronic journal).
=520  \\$aAbstracts and full-text (PDF only), 1997- ; abstracts only, 1996.
=525  \\$aSpecial issues accompany some volumes.
=530  \\$aAlso issued in print.
=538  \\$aMode of access: World Wide Web.
=540  \\$aCurrent Copyright Fee: GBP32.00$c35\0$5Uk
=650  \0$aEducational psychology$vPeriodicals.
=650  \6$aPsychopédagogie$vPériodiques.
=710  2\$aWiley InterScience (Online service)
=776  1\$tPsychology in schools$x0033-3085
=859  \\$aELD$bejournal
=856  \\$31850-9999$uhttp://onlinelibrary.wiley.com/$xBLDSS
=852  41$aBritish Library$bDSC$j6946.536400$3Volume 39:Issue 1(2002)-Volume 55:Issue 4(2018)***See ESTAR for full holdings.
=852  41$aBritish Library$bHMNTS$jELD Digital store$3Volume 50:Issue 1(2013)-***Previous issues available in print copy
=945  \\$aPSYCHOLOGY IN THE SCHOOLS.
=959  \\$fHeld but not currently received
=979  \\$aBritish Library$bDSC$j6946.536400
=CAT  \\$a8141$b40$c20051205$lBLL01$h1221
=CAT  \\$aBATCH-UPD$b40$c20060901$lBLL01$h0959
=CAT  \\$aBATCH-UPD$b40$c20060901$lBLL01$h1031
=CAT  \\$aBATCH-UPD$b40$c20101116$lBLL01$h1335
=CAT  \\$aIPL-CLA$c20101231$lBLL01$h1517
=CAT  \\$aWR12_168$c20121206$lBLL01$h1816
=CAT  \\$aWR13.005$c20130323$lBLL01$h1333
=CAT  \\$a8323$b40$c20140313$lBLL01$h1141
=CAT  \\$a8411$b40$c20140327$lBLL01$h0940
=CAT  \\$aBLDSS-3PM$b00$c20141214$lBLL01$h1523
=CAT  \\$aBATCH-UPD$b00$c20150215$lBLL01$h1657
=CAT  \\$aIPL-CLA$c20150228$lBLL01$h2049
=CAT  \\$aBATCH-UPD$b00$c20160526$lBLL01$h1849
=CAT  \\$aW1711-1005$c20171206$lBLL01$h1818
=CAT  \\$aBATCH-UPD$b00$c20180219$lBLL01$h1748
=CAT  \\$aW1805-0471$c20180520$lBLL01$h1139
=CAT  \\$aBATCH-UPD$b00$c20181121$lBLL01$h1622
=CAT  \\$aIPL-CLA$c20181231$lBLL01$h1543
=CAT  \\$aR1911-0245$c20191127$lBLL01$h0823
=CAT  \\$aR1911-0245$c20191127$lBLL01$h1045
=CAT  \\$aIPL-CLA$c20191231$lBLL01$h1937
=CAT  \\$a5410$b40$c20221126$lBLL01$h1505
=CFI  0\$aCurrent Copyright Fee: GBP32.00$c35\0$e01-jan-2020$fGBP32.00$g0$hP$5Uk
=CFI  2\$aPrevious copyright fee: GBP28.00$c35\0$e01-jan-2019$fGBP28.00$g0$hP$5Uk
=EST  \\$a1
=FFP  \\$aY$bBLDSS-3PM
=FIN  \\$aY$d20051205
=MNI  \\$a0033-3085
=SID  \\$aZ39$bOCLC
=TCO  \\$aTRS$bCCC$c008
=TOC  \\$aETOC
=UNO  \\$aY
=ACF  \\$aPrevious Copyright Fee: GBP17.00$c35\0$e01-apr-2005$fGBP17.00$g0$hP$5Uk
=ACF  \\$aPrevious copyright fee: GBP22.00$c35\0$e01-jan-2011$fGBP22.00$g0$hP$5Uk
=ACF  \\$aPrevious copyright fee: GBP24.00$c35\0$e01-mar-2015$fGBP24.00$g0$hP$5Uk
=LAS  \\$a5410$b40$c20221126$lBLL01$h1505

