=LDR  05072cas a2201129 i 4500
=001  013352638
=003  Uk
=005  20221231144649.0
=006  m\\\\\\\\d\\\\\\\\
=007  cr\mnu\\\\\\\\
=008  980126c19599999enkbr\pss\\\\\0\\\a0eng\d
=FMT  \\$a  SE
=010  \\$a00238452
=015  \\$aGBA603115$2bnb
=022  0\$a1366-5812
=037  \\$aISSN_00107514$bPortico$nTaylor & Francis
=040  \\$aF#A$cF#A$dOCL$dIUL$dOCLCQ$dUk
=042  \\$aukblsr
=082  04$a530$222
=130  0\$aContemporary physics (Online)
=210  0\$aContemp. phys.$b(Online)
=222  \0$aContemporary physics$b(Online)
=245  10$aContemporary physics$h[electronic resource].
=260  \\$a[London] :$bTaylor & Francis,$c[1997]-
=310  \\$aBimonthly
=336  \\$atext$2rdacontent
=337  \\$acomputer$2rdamedia
=338  \\$aonline resource$2rdacarrier
=362  1\$aPrint began with vol. 1, no. 1 (Oct. 1959).
=500  \\$aDescription based on: Vol. 38, no. 1 (1997); title from journal information screen (viewed Jan. 25, 1998).
=500  \\$aLatest issue consulted: Vol. 41, no. 3 (May/June 2000).
=530  \\$aAlso issued in print.
=538  \\$aMode of access: World Wide Web.
=540  \\$aCurrent copyright fee: GBP43.00$c2\0$5Uk
=650  \0$aPhysics$vPeriodicals.
=776  1\$tContemporary physics$x0010-7514
=859  \\$aELD$bejournal
=856  \\$31850-9999$uhttp://www.tandfonline.com/$xBLDSS
=852  41$aBritish Library$bSTI$jELD Digital store$3Volume 57:Issue 1(2016)-***Previous issues available in print copy
=852  41$aBritish Library$bDSC$j3425.200000$3Volume 47:Issue 1(2006)-Volume 52:Issue 6(2011)***See ESTAR for full holdings.
=945  \\$aContemporary physics.
=959  \\$fHeld but not currently received
=985  \\$aISSN responsibility transferred from ISSN UK Centre to U.S. ISSN Center Taylor & Francis, Multinational Publisher List, Summer 2016
=CAT  \\$a3072$b40$c20051205$lBLL01$h1432
=CAT  \\$aBATCH-UPD$b00$c20141124$lBLL01$h1753
=CAT  \\$aBLDSS-3PM$b00$c20141130$lBLL01$h1248
=CAT  \\$aIPL-CLA$c20141231$lBLL01$h1653
=CAT  \\$aBATCH-UPD$b00$c20151119$lBLL01$h1534
=CAT  \\$a8464$b40$c20151229$lBLL01$h1354
=CAT  \\$aIPL-CLA$c20151231$lBLL01$h1922
=CAT  \\$a8478$b40$c20160205$lBLL01$h1210
=CAT  \\$a5552$b40$c20160301$lBLL01$h0939
=CAT  \\$aIPL-CLA$c20160331$lBLL01$h1731
=CAT  \\$aBATCH-UPD$b00$c20160602$lBLL01$h1217
=CAT  \\$aW1607-0553$c20160818$lBLL01$h0910
=CAT  \\$aW1607-0553$c20160818$lBLL01$h0915
=CAT  \\$aBATCH-UPD$b00$c20161122$lBLL01$h1505
=CAT  \\$aIPL-CLA$c20161230$lBLL01$h2149
=CAT  \\$aBATCH-UPD$b00$c20171121$lBLL01$h1655
=CAT  \\$aW1711-1005$c20171206$lBLL01$h1818
=CAT  \\$aIPL-CLA$c20171231$lBLL01$h1649
=CAT  \\$aBATCH-UPD$b00$c20181217$lBLL01$h1644
=CAT  \\$aIPL-CLA$c20181231$lBLL01$h1543
=CAT  \\$aBATCH-UPD$b00$c20191122$lBLL01$h1906
=CAT  \\$aIPL-CLA$c20191231$lBLL01$h1937
=CAT  \\$aBATCH-UPD$b00$c20201118$lBLL01$h1340
=CAT  \\$aIPL-CLA$c20201231$lBLL01$h1529
=CAT  \\$aBATCH-UPD$b00$c20221121$lBLL01$h1339
=CAT  \\$aIPL-CLA$c20221231$lBLL01$h1446
=CFI  0\$aCurrent copyright fee: GBP43.00$c2\0$e01-jan-2023$fGBP43.00$g0$hP$5Uk
=CFI  2\$aPrevious copyright fee: GBP41.00$c2\0$e01-jan-2021$fGBP41.00$g0$hP$5Uk
=EST  \\$a1
=FFP  \\$aY$bBLDSS-3PM
=FIN  \\$aY$d20051205
=LEO  \\$aMP22.0000053096
=MNI  \\$a0010-7514
=SID  \\$aZ39$bOCLC
=SRC  \\$aISN01$bbibmp22.200404.2.aa
=TCO  \\$aCLA$bCLA$c008
=TOC  \\$aETOC
=ACF  \\$aPrevious copyright fee: GBP21.00$c2\0$e01-jan-2010$fGBP21.00$g0$hP$5Uk
=ACF  \\$aPrevious copyright fee: GBP20.00$c2\0$e01-jan-2009$fGBP20.00$g0$hP$5Uk
=ACF  \\$aPrevious copyright fee: GBP19.00$c2\0$e01-apr-2008$fGBP19.00$g0$hP$5Uk
=ACF  \\$aPrevious copyright fee: GBP20.00$c2\0$e01-jan-2007$fGBP20.00$g0$hP$5Uk
=ACF  \\$aPrevious copyright fee: GBP18.00$c2\0$e01-jan-2005$fGBP18.00$g0$hP$5Uk
=ACF  \\$aPrevious copyright fee: GBP25.00$c2\0$e01-jan-2011$fGBP25.00$g0$hP$5Uk
=ACF  \\$aPrevious copyright fee: GBP27.00$c2\0$e01-jan-2012$fGBP27.00$g0$hP$5Uk
=ACF  \\$aPrevious copyright fee: GBP27.50$c2\0$e01-jan-2013$fGBP27.50$g0$hP$5Uk
=ACF  \\$aPrevious copyright fee: GBP28.00$c2\0$e01-jan-2014$fGBP28.00$g0$hP$5Uk
=ACF  \\$aPrevious copyright fee: GBP30.00$c2\0$e01-jan-2015$fGBP30.00$g0$hP$5Uk
=ACF  \\$aPrevious copyright fee: GBP34.00$c2\0$e01-jan-2016$fGBP34.00$g0$hP$5Uk
=ACF  \\$aPrevious copyright fee: GBP31.00$c2\0$e01-apr-2016$fGBP31.00$g0$hP$5Uk
=ACF  \\$aPrevious copyright fee: GBP33.00$c2\0$e01-jan-2017$fGBP33.00$g0$hP$5Uk
=ACF  \\$aPrevious copyright fee: GBP35.00$c2\0$e01-jan-2018$fGBP35.00$g0$hP$5Uk
=ACF  \\$aPrevious copyright fee: GBP37.00$c2\0$e01-jan-2019$fGBP37.00$g0$hP$5Uk
=ACF  \\$aPrevious copyright fee: GBP39.00$c2\0$e01-jan-2020$fGBP39.00$g0$hP$5Uk
=LAS  \\$aIPL-CLA$b00$c20221231$lBLL01$h1446

