=LDR  05265cas a2201093 a 4500
=001  013352729
=003  Uk
=005  20221231144649.0
=006  m\\\\\\\\d\\\\\\\\
=007  cr\|||||||||||
=008  990519c19939999enkbx\pss\\\\\0\\\a0eng\d
=FMT  \\$a  SE
=015  \\$aGBA603138$2bnb
=022  \\$a1521-0413
=037  \\$aISSN_10668926$bPortico$nTaylor & Francis
=040  \\$aF#A$cF#A$dEYM$dOCLCQ$dMUQ$dOCL$dUk
=042  \\$aukblsr
=043  \\$an-us---
=082  04$a378.15430973$222
=130  0\$aCommunity college journal of research and practice (Online)
=222  \0$aCommunity college journal of research and practice$b(Online)
=245  10$aCommunity college journal of research and practice$h[electronic resource].
=260  \\$a[London] :$bTaylor & Francis
=310  \\$aEight no. a year
=336  \\$atext$2rdacontent
=337  \\$acomputer$2rdamedia
=338  \\$aonline resource$2rdacarrier
=362  1\$aPrint began with vol. 17, no. 1 (Jan.-Mar. 1993).
=500  \\$aDescription based on: Vol. 23, no. 1 (1999); title from journal information screen (viewed May 17, 1999).
=588  \\$aLatest issue consulted: volume 40, issue 5 (2016) (Taylor & Francis Online, viewed March 2, 2016).
=580  \\$aIncludes issues of earlier titles: Community Junior College Research Quarterly (1976 - 1981) and: Community Junior College Research Quarterly of Research and Practice (1981 - 1992)
=540  \\$aCurrent copyright fee: GBP37.00$c2\0$5Uk
=650  \0$aCommunity colleges$zUnited States$vPeriodicals.
=776  08$iAlso issued in print as:$tCommunity college journal of research and practice$x1066-8926
=780  10$tCommunity/junior college (Online)$x2331-4206
=859  \\$aELD$bejournal
=856  \\$31850-9999$uhttp://www.tandfonline.com/$xBLDSS
=852  41$aBritish Library$bHMNTS$jELD Digital store$3Volume 40:Issue 1(2016)-***Previous issues available in print copy
=852  41$aBritish Library$bDSC$j3363.606200$3Volume 30:Issue 1(2006)-Volume 35:Issue 12(2011)***See ESTAR for full holdings.
=945  \\$aCommunity college journal of research and practice.
=959  \\$fHeld but not currently received
=CAT  \\$a7332$b40$c20051205$lBLL01$h1553
=CAT  \\$aWR14_140$c20140905$lBLL01$h1810
=CAT  \\$aBATCH-UPD$b00$c20141124$lBLL01$h1802
=CAT  \\$aBLDSS-3PM$b00$c20141130$lBLL01$h1248
=CAT  \\$aIPL-CLA$c20141231$lBLL01$h1653
=CAT  \\$aBATCH-UPD$b00$c20151119$lBLL01$h1543
=CAT  \\$aIPL-CLA$c20151231$lBLL01$h1922
=CAT  \\$a11147$b40$c20160121$lBLL01$h1043
=CAT  \\$a11147$b40$c20160121$lBLL01$h1044
=CAT  \\$a5552$b40$c20160128$lBLL01$h1157
=CAT  \\$a8478$b40$c20160205$lBLL01$h1134
=CAT  \\$a5997$b40$c20160302$lBLL01$h1256
=CAT  \\$aBATCH-UPD$b40$c20160726$lBLL01$h0235
=CAT  \\$aBATCH-UPD$b40$c20161122$lBLL01$h1512
=CAT  \\$aIPL-CLA$c20161230$lBLL01$h2149
=CAT  \\$aBATCH-UPD$b00$c20171121$lBLL01$h1647
=CAT  \\$aW1711-1005$c20171206$lBLL01$h1818
=CAT  \\$aIPL-CLA$c20171231$lBLL01$h1649
=CAT  \\$aBATCH-UPD$b00$c20181217$lBLL01$h1638
=CAT  \\$aIPL-CLA$c20181231$lBLL01$h1543
=CAT  \\$aBATCH-UPD$b00$c20191122$lBLL01$h1900
=CAT  \\$aIPL-CLA$c20191231$lBLL01$h1937
=CAT  \\$aBATCH-UPD$b00$c20201118$lBLL01$h1334
=CAT  \\$aIPL-CLA$c20201231$lBLL01$h1529
=CAT  \\$aBATCH-UPD$b00$c20221121$lBLL01$h1347
=CAT  \\$aIPL-CLA$c20221231$lBLL01$h1446
=CFI  0\$aCurrent copyright fee: GBP37.00$c2\0$e01-jan-2023$fGBP37.00$g0$hP$5Uk
=CFI  2\$aPrevious copyright fee: GBP35.00$c2\0$e01-jan-2021$fGBP35.00$g0$hP$5Uk
=EST  \\$a1
=FFP  \\$aY$bBLDSS-3PM
=FIN  \\$aY$d20051205
=LET  \0$aCommunity college journal of research and practice (Electronic)
=MNI  \\$a1066-8926
=SID  \\$aZ39$bOCLC
=TCO  \\$aCLA$bCLA$c008
=TCO  \\$aTRS$bCCC$c008
=TOC  \\$aETOC
=ACF  \\$aPrevious copyright fee: GBP17.00$c2\0$e01-jan-2010$fGBP17.00$g0$hP$5Uk
=ACF  \\$aPrevious copyright fee: GBP16.00$c2\0$e01-jan-2009$fGBP16.00$g0$hP$5Uk
=ACF  \\$aPrevious copyright fee: GBP15.00$c2\0$e01-apr-2008$fGBP15.00$g0$hP$5Uk
=ACF  \\$aPrevious Copyright Fee: GBP16.00$c2\0$e01-jan-2007$fGBP16.00$g0$hP$5Uk
=ACF  \\$aPrevious Copyright Fee: GBP13.00$c2\0$e01-jan-2005$fGBP13.00$g0$hP$5Uk
=ACF  \\$aPrevious copyright fee: GBP21.00$c2\0$e01-jan-2011$fGBP21.00$g0$hP$5Uk
=ACF  \\$aPrevious copyright fee: GBP23.00$c2\0$e01-jan-2012$fGBP23.00$g0$hP$5Uk
=ACF  \\$aPrevious copyright fee: GBP23.50$c2\0$e01-jan-2013$fGBP23.50$g0$hP$5Uk
=ACF  \\$aPrevious copyright fee: GBP24.00$c2\0$e01-jan-2014$fGBP24.00$g0$hP$5Uk
=ACF  \\$aPrevious copyright fee: GBP25.00$c2\0$e01-jan-2015$fGBP25.00$g0$hP$5Uk
=ACF  \\$aPrevious copyright fee: GBP26.00$c2\0$e01-jan-2016$fGBP26.00$g0$hP$5Uk
=ACF  \\$aPrevious copyright fee: GBP28.00$c2\0$e01-jan-2017$fGBP28.00$g0$hP$5Uk
=ACF  \\$aPrevious copyright fee: GBP30.00$c2\0$e01-jan-2018$fGBP30.00$g0$hP$5Uk
=ACF  \\$aPrevious copyright fee: GBP32.00$c2\0$e01-jan-2019$fGBP32.00$g0$hP$5Uk
=ACF  \\$aPrevious copyright fee: GBP34.00$c2\0$e01-jan-2020$fGBP34.00$g0$hP$5Uk
=LAS  \\$aIPL-CLA$b00$c20221231$lBLL01$h1446

