=LDR  04038cas a2200973 a 4500
=001  013352741
=003  Uk
=005  20221020140824.0
=006  m\\\\\\\\d\\\\\\\\
=007  cr||||||||||||
=008  000214c199u9999nyubr\p\\\\\\\0\\\a0eng\d
=FMT  \\$a  SE
=015  \\$aGBB430894$2bnb
=022  0\$a1098-237X
=035  \\$a(PU)2695362
=037  \\$aISSN_00368326$bPortico$nWiley
=040  \\$aPU$cPU$dUk
=042  \\$aukblsr
=082  04$a507$222
=130  0\$aScience education (Online)
=210  0\$aSci. educ.$b(Online)
=222  \0$aScience education$b(Online)
=245  10$aScience education$h[electronic resource].
=260  \\$aNew York :$bJohn Wiley & Sons, Inc.
=310  \\$aBimonthly
=336  \\$atext$2rdacontent
=337  \\$acomputer$2rdamedia
=338  \\$aonline resource$2rdacarrier
=362  1\$aCoverage as of Feb. 14, 2000: Vol. 80, issue 1 (Jan. 1996)-
=538  \\$aSystem requirements: WWW browser software for hypertext format.
=500  \\$aDescription based on: Vol. 80, issue 1 (Jan. 1996); title from title screen (viewed on Feb. 14, 2000).
=506  \\$aRestricted for use by University of Pennsylvania site/user ID and password.
=530  \\$aAlso available in a print ed.
=550  \\$aIssued by: the Science Teacher Education Section of the Association for the Education of Teachers in Science, Oct. 1975-
=595  \\$aFORMERLY 4111.198N ABSORBS 8532.49.
=540  \\$aCurrent Copyright Fee: GBP39.00$c35\0$5Uk
=650  \0$aScience$xStudy and teaching$vPeriodicals.
=710  2\$aAssociation for the Education of Teachers in Science.$bScience Teacher Education Section.
=776  1\$tScience education$x0036-8326
=859  \\$aELD$bejournal
=856  \\$31850-9999$uhttp://onlinelibrary.wiley.com/$xBLDSS
=852  41$aBritish Library$bSTI$jELD Digital store$3Volume 97:Issue 1(2013:Jan.)-***Previous issues available in print copy
=852  41$aBritish Library$bDSC$j8142.800000$3Volume 14:Issue2(1930)-Volume 98:Issue 6(2014)***See ESTAR for full holdings.
=945  \\$aSCIENCE EDUCATION.
=959  \\$fHeld but not currently received
=979  \\$aBritish Library$bDSC$j8142.800000
=CAT  \\$a8141$b40$c20051205$lBLL01$h1602
=CAT  \\$aBATCH-UPD$b40$c20060901$lBLL01$h0959
=CAT  \\$aBATCH-UPD$b40$c20060901$lBLL01$h1031
=CAT  \\$aBATCH-UPD$b40$c20101116$lBLL01$h1335
=CAT  \\$aIPL-CLA$c20101231$lBLL01$h1517
=CAT  \\$aWR12_168$c20121206$lBLL01$h1836
=CAT  \\$aWR13.005$c20130323$lBLL01$h1333
=CAT  \\$a8323$b40$c20140313$lBLL01$h1139
=CAT  \\$a8411$b40$c20140327$lBLL01$h1027
=CAT  \\$aBLDSS-3PM$b00$c20141214$lBLL01$h1523
=CAT  \\$aBATCH-UPD$b00$c20150215$lBLL01$h1657
=CAT  \\$aIPL-CLA$c20150228$lBLL01$h2049
=CAT  \\$aCDS15-UPD$b40$c20150918$lBLL01$h1640
=CAT  \\$aBATCH-UPD$b40$c20160526$lBLL01$h1903
=CAT  \\$aW1711-1005$c20171206$lBLL01$h1818
=CAT  \\$aBATCH-UPD$b00$c20180219$lBLL01$h1748
=CAT  \\$aBATCH-UPD$b00$c20181121$lBLL01$h1622
=CAT  \\$aIPL-CLA$c20181231$lBLL01$h1543
=CAT  \\$aR1911-0245$c20191127$lBLL01$h0944
=CAT  \\$aR1911-0245$c20191127$lBLL01$h1045
=CAT  \\$aIPL-CLA$c20191231$lBLL01$h1937
=CAT  \\$a5410$b40$c20200306$lBLL01$h0844
=CAT  \\$a5410$b40$c20200306$lBLL01$h0845
=CAT  \\$a5410$b40$c20221020$lBLL01$h1408
=CFI  0\$aCurrent Copyright Fee: GBP39.00$c35\0$e01-jan-2020$fGBP39.00$g0$hP$5Uk
=CFI  2\$aPrevious copyright fee: GBP28.00$c35\0$e01-jan-2019$fGBP28.00$g0$hP$5Uk
=EST  \\$a1
=FFP  \\$aY$bBLDSS-3PM
=FIN  \\$aY$d20051205
=MNI  \\$a0036-8326
=SID  \\$aZ39$bRLG
=TCO  \\$aTRS$bCCC$c008
=TOC  \\$aETOC
=UNO  \\$aY
=ACF  \\$aPrevious Copyright Fee: GBP17.00$c35\0$e01-apr-2005$fGBP17.00$g0$hP$5Uk
=ACF  \\$aPrevious copyright fee: GBP22.00$c35\0$e01-jan-2011$fGBP22.00$g0$hP$5Uk
=ACF  \\$aPrevious copyright fee: GBP24.00$c35\0$e01-mar-2015$fGBP24.00$g0$hP$5Uk
=LAS  \\$a5410$b40$c20221020$lBLL01$h1408

