=LDR  03728cas a2200949 a 4500
=001  013353135
=003  Uk
=005  20221126150751.0
=006  m\\\\\\\\d\\\\\\\\
=007  cr\cn|||||||||
=008  000111c20019999nyubr\p\o\\\\\0\\\a0eng\d
=FMT  \\$a  SE
=010  \\$a00211429
=015  \\$aGBB435212$2bnb
=022  0\$a1528-0691$y1527-8999
=037  \\$aISSN_15278999$bPortico$nWiley
=040  \\$aNSD$cNSD$dEYM$dTJC$dOCLCQ$dWAU$dNSD$dOCLCQ$dUk
=042  \\$aukblsr
=050  14$aQD1
=082  04$a540$222
=130  0\$aChemical record (Online)
=210  0\$aChem. rec.$b(New York N.Y., Online)
=222  \0$aChemical record$b(New York, N.Y. Online)
=245  10$aChemical record$h[electronic resource].
=260  \\$aNew York, NY :$bWiley Periodicals, Inc.,$cc2001-
=310  \\$aBimonthly
=336  \\$atext$2rdacontent
=337  \\$acomputer$2rdamedia
=338  \\$aonline resource$2rdacarrier
=362  0\$aVol. 1, issue 1 (2001)-
=500  \\$aTitle from homepage (viewed July 10, 2001).
=500  \\$aLatest issue consulted: Vol. 3, issue 1 (Jan. 2003) (viewed Apr. 22, 2003).
=550  \\$aIssued by: Chemical Society of Japan ... [et al.].
=540  \\$aCurrent Copyright Fee: GBP46.00$c35\0$5Uk
=650  \0$aChemistry$vPeriodicals.
=710  2\$aNihon Kagakkai.
=776  08$iAlso issued in print as:$tChemical record$x1527-8999
=859  \\$aELD$bejournal
=856  \\$31850-9999$uhttp://onlinelibrary.wiley.com/$xBLDSS
=852  41$aBritish Library$bHMNTS$jELD Digital store$3Volume 13:Issue 1(2013:Feb.)-***Previous issues available in print copy
=852  41$aBritish Library$bDSC$j3150.342000$3Volume 6:Issue 1(2006)-Volume 18:Issue 3(2018)***See ESTAR for full holdings.
=945  \\$aCHEMICAL RECORD
=959  \\$fHeld but not currently received
=979  \\$aBritish Library$bDSC$j3150.342000
=CAT  \\$a8141$b40$c20051206$lBLL01$h0925
=CAT  \\$a8141$b40$c20051206$lBLL01$h0928
=CAT  \\$aBATCH-UPD$b40$c20060901$lBLL01$h0959
=CAT  \\$aBATCH-UPD$b40$c20060901$lBLL01$h1031
=CAT  \\$aBATCH-UPD$b40$c20101116$lBLL01$h1335
=CAT  \\$aIPL-CLA$c20101231$lBLL01$h1517
=CAT  \\$aWR12_168$c20121206$lBLL01$h1816
=CAT  \\$aWR13.005$c20130323$lBLL01$h1333
=CAT  \\$a8323$b40$c20140401$lBLL01$h1324
=CAT  \\$a10983$b40$c20140401$lBLL01$h1332
=CAT  \\$aBLDSS-3PM$b00$c20141214$lBLL01$h1523
=CAT  \\$aBATCH-UPD$b00$c20150215$lBLL01$h1657
=CAT  \\$aIPL-CLA$c20150228$lBLL01$h2049
=CAT  \\$aBATCH-UPD$b00$c20160531$lBLL01$h1728
=CAT  \\$aW1711-1005$c20171206$lBLL01$h1818
=CAT  \\$aBATCH-UPD$b00$c20180219$lBLL01$h1748
=CAT  \\$aW1805-0471$c20180520$lBLL01$h1139
=CAT  \\$aBATCH-UPD$b00$c20181121$lBLL01$h1622
=CAT  \\$aIPL-CLA$c20181231$lBLL01$h1543
=CAT  \\$aR1911-0245$c20191127$lBLL01$h1015
=CAT  \\$aR1911-0245$c20191127$lBLL01$h1031
=CAT  \\$aR1911-0245$c20191127$lBLL01$h1034
=CAT  \\$aIPL-CLA$c20191231$lBLL01$h1937
=CAT  \\$a5410$b40$c20221126$lBLL01$h1507
=CFI  0\$aCurrent Copyright Fee: GBP46.00$c35\0$e01-jan-2020$fGBP46.00$g0$hP$5Uk
=CFI  2\$aPrevious copyright fee: GBP28.00$c35\0$e01-jan-2019$fGBP28.00$g0$hP$5Uk
=EST  \\$a1
=FFP  \\$aY$bBLDSS-3PM
=FIN  \\$aY$d20051206
=MNI  \\$a1527-8999
=SID  \\$aZ39$bOCLC
=TCO  \\$aTRS$bCCC$c008
=TOC  \\$aETOC
=UNO  \\$aY
=ACF  \\$aPrevious Copyright Fee: GBP17.00$c35\0$e01-apr-2005$fGBP17.00$g0$hP$5Uk
=ACF  \\$aPrevious copyright fee: GBP22.00$c35\0$e01-jan-2011$fGBP22.00$g0$hP$5Uk
=ACF  \\$aPrevious copyright fee: GBP24.00$c35\0$e01-mar-2015$fGBP24.00$g0$hP$5Uk
=LAS  \\$a5410$b40$c20221126$lBLL01$h1507

