=LDR  05136cas a2201117 a 4500
=001  013353591
=003  Uk
=005  20221231144651.0
=006  m\\\\\\\\d\\\\\\\\
=007  cr\cnu\\\\\\\\
=008  021224c19879999nyutr\pss\\\\\0\\\\0eng\c
=FMT  \\$a  SE
=010  \\$a2002253390
=022  \\$a1532-4249
=037  \\$aISSN_08905436$bPortico$nTaylor & Francis
=040  \\$aWAU$cWAU$dOCLCQ$dUk
=050  14$aTP248.65.F66
=130  0\$aFood biotechnology (New York, N.Y. : Online)
=245  10$aFood biotechnology$h[electronic resource].
=260  \\$aNew York, NY :$bDekker
=260  3\$32005-$aPhiladelphia :$bTaylor & Francis
=310  \\$aThree times a year
=336  \\$atext$2rdacontent
=337  \\$acomputer$2rdamedia
=338  \\$aonline resource$2rdacarrier
=362  1\$aPrint began with vol. 1, no. 1, published in 1987.
=500  \\$aDescription based on: Vol. 15, issue 1 (2001); title from v. 15 contents page (viewed Dec. 24, 2002).
=500  \\$aLatest issue consulted: Vol. 16, issue 3 (2002).
=530  \\$aAlso issued in print.
=538  \\$aMode of access: World Wide Web.
=540  \\$aCurrent copyright fee: GBP43.00$c2\0$5Uk
=650  \0$aFood$xBiotechnology$vPeriodicals.
=650  \2$aBiotechnology$vPeriodicals.
=650  \2$aFood Technology$vPeriodicals.
=650  \2$aFood-Processing Industry$vPeriodicals.
=776  1\$tFood biotechnology (New York : Marcel Dekker)$x0890-5436
=856  \\$31850-9999$uhttp://www.tandfonline.com/$xBLDSS
=859  \\$aELD$bejournal
=852  41$aBritish Library$bHMNTS$jELD Digital store$3Volume 30:Issue 1(2016)-***Previous issues available in print copy
=852  41$aBritish Library$bDSC$j3977.071000$3Volume 20:Issue 1(2006)-Volume 25:Issue 4(2011)***See ESTAR for full holdings.
=945  \\$aFOOD BIOTECHNOLOGY -NEW YORK- MARCEL DEKKER-.
=959  \\$fHeld but not currently received
=CAT  \\$a11281$b40$c20051206$lBLL01$h1356
=CAT  \\$aBATCH-UPD$b00$c20141124$lBLL01$h1753
=CAT  \\$aBLDSS-3PM$b00$c20141130$lBLL01$h1248
=CAT  \\$aIPL-CLA$c20141231$lBLL01$h1653
=CAT  \\$aBATCH-UPD$b00$c20151119$lBLL01$h1534
=CAT  \\$aIPL-CLA$c20151231$lBLL01$h1923
=CAT  \\$a8478$b40$c20160115$lBLL01$h1331
=CAT  \\$a8478$b40$c20160115$lBLL01$h1332
=CAT  \\$a11296$b40$c20160205$lBLL01$h1046
=CAT  \\$a5552$b40$c20160302$lBLL01$h0927
=CAT  \\$aWR16_048$c20160322$lBLL01$h1613
=CAT  \\$aIPL-CLA$c20160331$lBLL01$h1731
=CAT  \\$aBATCH-UPD$b00$c20160725$lBLL01$h1915
=CAT  \\$aBATCH-UPD$b00$c20161122$lBLL01$h1505
=CAT  \\$aIPL-CLA$c20161230$lBLL01$h2149
=CAT  \\$aBATCH-UPD$b00$c20171121$lBLL01$h1655
=CAT  \\$aW1711-1005$c20171206$lBLL01$h1818
=CAT  \\$aIPL-CLA$c20171231$lBLL01$h1649
=CAT  \\$aBATCH-UPD$b00$c20181217$lBLL01$h1644
=CAT  \\$aIPL-CLA$c20181231$lBLL01$h1543
=CAT  \\$aBATCH-UPD$b00$c20191122$lBLL01$h1906
=CAT  \\$aIPL-CLA$c20191231$lBLL01$h1937
=CAT  \\$aBATCH-UPD$b00$c20201118$lBLL01$h1340
=CAT  \\$aIPL-CLA$c20201231$lBLL01$h1529
=CAT  \\$aBATCH-UPD$b00$c20221121$lBLL01$h1339
=CAT  \\$aIPL-CLA$c20221231$lBLL01$h1446
=CFI  0\$aCurrent copyright fee: GBP43.00$c2\0$e01-jan-2023$fGBP43.00$g0$hP$5Uk
=CFI  2\$aPrevious copyright fee: GBP41.00$c2\0$e01-jan-2021$fGBP41.00$g0$hP$5Uk
=EST  \\$a1
=FFP  \\$aY$bBLDSS-3PM
=FIN  \\$aY$d20051206
=MNI  \\$a0890-5436
=SID  \\$aZ39$bOCLC
=TCO  \\$aTRS$bCCC$c008
=TOC  \\$aETOC
=ACF  \\$aPrevious copyright fee: GBP21.00$c2\0$e01-jan-2010$fGBP21.00$g0$hP$5Uk
=ACF  \\$aPrevious copyright fee: GBP20.00$c2\0$e01-jan-2009$fGBP20.00$g0$hP$5Uk
=ACF  \\$aPrevious copyright fee: GBP19.00$c2\0$e01-apr-2008$fGBP19.00$g0$hP$5Uk
=ACF  \\$aPrevious copyright fee: GBP20.00$c2\0$e01-jan-2007$fGBP20.00$g0$hP$5Uk
=ACF  \\$aPrevious Copyright Fee: GBP18.00$c2\0$e26-apr-2006$fGBP18.00$g0$hP$5Uk
=ACF  \\$aCurrent Copyright Fee: GBP16.11$c0$e01-jan-2006$fGBP16.11$g0$hC$5Uk
=ACF  \\$aPrevious Copyright Fee: GBP15.68$c0$e01-oct-2005$fGBP15.68$g0$hC$5Uk
=ACF  \\$aPrevious copyright fee: GBP25.00$c2\0$e01-jan-2011$fGBP25.00$g0$hP$5Uk
=ACF  \\$aPrevious copyright fee: GBP27.00$c2\0$e01-jan-2012$fGBP27.00$g0$hP$5Uk
=ACF  \\$aPrevious copyright fee: GBP27.50$c2\0$e01-jan-2013$fGBP27.50$g0$hP$5Uk
=ACF  \\$aPrevious copyright fee: GBP28.00$c2\0$e01-jan-2014$fGBP28.00$g0$hP$5Uk
=ACF  \\$aPrevious copyright fee: GBP30.00$c2\0$e01-jan-2015$fGBP30.00$g0$hP$5Uk
=ACF  \\$aPrevious copyright fee: GBP34.00$c2\0$e01-jan-2016$fGBP34.00$g0$hP$5Uk
=ACF  \\$aPrevious copyright fee: GBP31.00$c2\0$e01-apr-2016$fGBP31.00$g0$hP$5Uk
=ACF  \\$aPrevious copyright fee: GBP33.00$c2\0$e01-jan-2017$fGBP33.00$g0$hP$5Uk
=ACF  \\$aPrevious copyright fee: GBP35.00$c2\0$e01-jan-2018$fGBP35.00$g0$hP$5Uk
=ACF  \\$aPrevious copyright fee: GBP37.00$c2\0$e01-jan-2019$fGBP37.00$g0$hP$5Uk
=ACF  \\$aPrevious copyright fee: GBP39.00$c2\0$e01-jan-2020$fGBP39.00$g0$hP$5Uk
=LAS  \\$aIPL-CLA$b00$c20221231$lBLL01$h1446

