=LDR  04613cas a2201093 a 4500
=001  013353609
=003  Uk
=005  20221020141620.0
=006  m\\\\\\\\d\\\\\\\\
=007  cr\|||||||||||
=008  000509c19219999gw\mr\pso\\\\\0\\\a0eng\d
=FMT  \\$a  SE
=010  \\$a2004233572
=015  \\$aGBB427666$2bnb
=022  \\$a1521-4001$y0044-2267
=037  \\$aISSN_00442267$bPortico$nWiley
=040  \\$aIWA$cIWA$dOCLCQ$dDLC$dOCLCQ$dGUA$dHUA$dOCL$dUk
=041  0\$aeng$ager
=042  \\$aukblsr
=050  14$aTA3
=082  04$a519$223
=130  0\$aZeitschrift für angewandte Mathematik und Mechanik (Online)
=210  0\$aZ. angew. Math. Mech.$b(Internet)
=222  \0$aZeitschrift für angewandte Mathematik und Mechanik$b(Internet)
=245  10$aZeitschrift für angewandte Mathematik und Mechanik$h[electronic resource] =$bJournal of applied mathematics and mechanics : ZAMM.
=246  31$aJournal of applied mathematics and mechanics
=246  30$aZAMM
=260  \\$aBerlin :$bWiley-VCH
=310  \\$aMonthly
=336  \\$atext$2rdacontent
=337  \\$acomputer$2rdamedia
=338  \\$aonline resource$2rdacarrier
=362  1\$aPrint began with Bd. 1 in Feb. 1921.
=500  \\$aDescription based on: Vol. 78, issue 1 (Jan. 1998); title from product information p. (Interscience, viewed June 9, 2004).
=520  \\$aLatest issue consulted: volume 94, issue 3 (March 2014) (Wiley Online Library, viewed March 10, 2014).
=538  \\$aMode of access: World Wide Web.
=546  \\$aIn English and some German.
=550  \\$aA journal of Gesellschaft für Angewandte Mathematik und Mechanik (GAMM).
=595  \\$aSRIS SHARED STOCK.
=540  \\$aCurrent copyright fee: GBP39.00$c35\0$5Uk
=650  \0$aMathematics$vPeriodicals.
=650  \0$aMechanics, Applied$vPeriodicals.
=650  \0$aEngineering$vPeriodicals.
=710  2\$aGesellschaft für Angewandte Mathematik und Mechanik.
=776  08$iPrint version:$tZeitschrift für angewandte Mathematik und Mechanik$x0044-2267
=859  \\$aELD$bejournal
=856  \\$31850-9999$uhttp://onlinelibrary.wiley.com/$xBLDSS
=852  41$aBritish Library$bDSC$j9449.000000$3Volume 86:Issue 2(2006)-Volume 94:Issue 12(2014)***See ESTAR for full holdings.
=852  41$aBritish Library$bSTI$jELD Digital store$3Volume 93:Issue 1(2013)-
=945  \\$aZEITSCHRIFT FUR ANGEWANDTE MATHEMATIK UND MECHANIK.
=959  \\$fHeld but not currently received
=979  \\$aBritish Library$bDSC$j9449.000000
=985  \\$aCONFERENCE ANALYTIC &RECORDS EXIST
=CAT  \\$a8141$b40$c20051206$lBLL01$h1406
=CAT  \\$aBATCH-UPD$b40$c20060901$lBLL01$h1031
=CAT  \\$aBATCH-UPD$b40$c20101116$lBLL01$h1335
=CAT  \\$aIPL-CLA$c20101231$lBLL01$h1517
=CAT  \\$aWR12_168$c20121206$lBLL01$h1836
=CAT  \\$aWR13.005$c20130323$lBLL01$h1333
=CAT  \\$a11316$b40$c20140310$lBLL01$h1538
=CAT  \\$a11433$b40$c20140325$lBLL01$h1402
=CAT  \\$a11433$b40$c20140325$lBLL01$h1403
=CAT  \\$a8342$b40$c20141118$lBLL01$h0941
=CAT  \\$aBLDSS-3PM$b00$c20141214$lBLL01$h1523
=CAT  \\$aBATCH-UPD$b00$c20150215$lBLL01$h1657
=CAT  \\$aIPL-CLA$c20150228$lBLL01$h2049
=CAT  \\$aCDS15-UPD$b40$c20150918$lBLL01$h1640
=CAT  \\$aBATCH-UPD$b40$c20160526$lBLL01$h1912
=CAT  \\$aW1711-1005$c20171206$lBLL01$h1818
=CAT  \\$aBATCH-UPD$b00$c20180219$lBLL01$h1748
=CAT  \\$aBATCH-UPD$b00$c20181121$lBLL01$h1622
=CAT  \\$aIPL-CLA$c20181231$lBLL01$h1543
=CAT  \\$aR1911-0245$c20191127$lBLL01$h0823
=CAT  \\$aR1911-0245$c20191127$lBLL01$h1045
=CAT  \\$a5410$b40$c20191213$lBLL01$h0841
=CAT  \\$aIPL-CLA$c20191231$lBLL01$h1937
=CAT  \\$aW2111-0842$c20211208$lBLL01$h1942
=CAT  \\$aIPL-CLA$c20211231$lBLL01$h1543
=CAT  \\$a5410$b40$c20221020$lBLL01$h1416
=CFI  0\$aCurrent copyright fee: GBP39.00$c35\0$e01-jan-2022$fGBP39.00$g0$hP$5Uk
=CFI  2\$aPrevious Copyright Fee: GBP32.00$c35\0$e01-jan-2020$fGBP32.00$g0$hP$5Uk
=EST  \\$a1
=FFP  \\$aY$bBLDSS-3PM
=FIN  \\$aY$d20051206
=MNI  \\$a0044-2267
=SID  \\$aZ39$bOCLC
=TCO  \\$aDEU$bVG WORT$c008
=TOC  \\$aETOC
=UNO  \\$aY
=ACF  \\$aPrevious Copyright Fee: GBP17.00$c35\0$e01-apr-2005$fGBP17.00$g0$hP$5Uk
=ACF  \\$aPrevious copyright fee: GBP22.00$c35\0$e01-jan-2011$fGBP22.00$g0$hP$5Uk
=ACF  \\$aPrevious copyright fee: GBP24.00$c35\0$e01-mar-2015$fGBP24.00$g0$hP$5Uk
=ACF  \\$aPrevious copyright fee: GBP28.00$c35\0$e01-jan-2019$fGBP28.00$g0$hP$5Uk
=LAS  \\$a5410$b40$c20221020$lBLL01$h1416

