=LDR  05462cas a2201177 a 4500
=001  013353741
=003  Uk
=005  20221231144651.0
=006  m\\\\\\\\d\\\\\\\\
=007  cr\|||||||||||
=008  011126c19769999xxumx\pss\\\\\0\\\a0eng\d
=FMT  \\$a  SE
=015  \\$aGBB671501$2bnb
=022  \\$a1532-415X
=037  \\$aISSN_03610926$bPortico$nTaylor & Francis
=040  \\$aF#A$cF#A$dOCLCQ$dCOU$dOCLCQ$dUk
=042  \\$aukblsr
=082  04$a519.2$222
=130  0\$aCommunications in statistics.$pTheory and methods (Online)
=222  \0$aCommunications in statistics, theory and methods$b(Online)
=245  10$aCommunications in statistics.$pTheory and methods$h[electronic resource].
=246  30$aTheory and methods
=260  \\$a[New York, NY] :$bMarcel Dekker
=264  31$a[Philaldephia] :$bTaylor & Francis Group
=310  \\$aTwenty four issues yearly
=321  \\$aMonthly
=336  \\$atext$2rdacontent
=337  \\$acomputer$2rdamedia
=338  \\$aonline resource$2rdacarrier
=362  1\$aPrint began in 1976.
=500  \\$aDescription based on: Vol. 30, no. 1 (2001); title from journal information screen (viewed Oct. 18, 2000).
=588  \\$aLatest issue consulted: volume 45, issue 14 (2016) (Taylor & Francis Online, viewed May 31, 2016).
=538  \\$aMode of access: World Wide Web.
=540  \\$aCurrent copyright fee: GBP43.00$c2\0$5Uk
=650  \0$aMathematical statistics$vPeriodicals.
=650  \2$aMathematics.
=650  \2$aStatistics.
=710  2\$aMarcel Dekker, Inc.
=776  08$iAlso issued in print as:$tCommunications in statistics. Theory and methods$x0361-0926
=780  01$tCommunications in statistics
=856  \\$31850-9999$uhttp://www.tandfonline.com/$xBLDSS
=859  \\$aELD$bejournal
=852  41$aBritish Library$bHMNTS$jELD Digital store$3Volume 5:Issue 10(1976)-***Previous issues available in print copy
=852  41$aBritish Library$bDSC$j3363.432000$3Volume 35:Issue 1(2006)-Volume 40:Issue 24(2011)***See ESTAR for full holdings.
=945  \\$aCOMMUNICATIONS IN STATISTICS THEORY AND METHODS.
=959  \\$fHeld but not currently received
=CAT  \\$a7332$b40$c20051206$lBLL01$h1527
=CAT  \\$aBATCH-UPD$b00$c20141124$lBLL01$h1753
=CAT  \\$aBLDSS-3PM$b00$c20141130$lBLL01$h1248
=CAT  \\$aIPL-CLA$c20141231$lBLL01$h1653
=CAT  \\$aBATCH-UPD$b00$c20151119$lBLL01$h1534
=CAT  \\$aIPL-CLA$c20151231$lBLL01$h1923
=CAT  \\$a11147$b40$c20160121$lBLL01$h0914
=CAT  \\$a5552$b40$c20160129$lBLL01$h0900
=CAT  \\$a8478$b40$c20160205$lBLL01$h1133
=CAT  \\$a5552$b40$c20160301$lBLL01$h0933
=CAT  \\$aIPL-CLA$c20160331$lBLL01$h1731
=CAT  \\$aBATCH-UPD$b00$c20160530$lBLL01$h0003
=CAT  \\$a5997$b40$c20160531$lBLL01$h0957
=CAT  \\$aBATCH-UPD$b40$c20161122$lBLL01$h1505
=CAT  \\$aIPL-CLA$c20161230$lBLL01$h2149
=CAT  \\$aBATCH-UPD$b00$c20171121$lBLL01$h1655
=CAT  \\$aW1711-1005$c20171206$lBLL01$h1818
=CAT  \\$aIPL-CLA$c20171231$lBLL01$h1649
=CAT  \\$aBATCH-UPD$b00$c20181217$lBLL01$h1644
=CAT  \\$aIPL-CLA$c20181231$lBLL01$h1543
=CAT  \\$aBATCH-UPD$b00$c20191122$lBLL01$h1906
=CAT  \\$aIPL-CLA$c20191231$lBLL01$h1937
=CAT  \\$aBATCH-UPD$b00$c20201118$lBLL01$h1340
=CAT  \\$aIPL-CLA$c20201231$lBLL01$h1529
=CAT  \\$aBATCH-UPD$b00$c20221121$lBLL01$h1339
=CAT  \\$aIPL-CLA$c20221231$lBLL01$h1446
=CFI  0\$aCurrent copyright fee: GBP43.00$c2\0$e01-jan-2023$fGBP43.00$g0$hP$5Uk
=CFI  2\$aPrevious copyright fee: GBP41.00$c2\0$e01-jan-2021$fGBP41.00$g0$hP$5Uk
=EST  \\$a1
=FFP  \\$aY$bBLDSS-3PM
=FIN  \\$aY$d20051206
=LET  \0$aCommunications in statistics. Theory and methods (Electronic)
=MNI  \\$a0361-0926
=SID  \\$aZ39$bOCLC
=TCO  \\$aTRS$bCCC$c008
=TOC  \\$aETOC
=ACF  \\$aPrevious copyright fee: GBP21.00$c2\0$e01-jan-2010$fGBP21.00$g0$hP$5Uk
=ACF  \\$aPrevious copyright fee: GBP20.00$c2\0$e01-jan-2009$fGBP20.00$g0$hP$5Uk
=ACF  \\$aPrevious copyright fee: GBP19.00$c2\0$e01-apr-2008$fGBP19.00$g0$hP$5Uk
=ACF  \\$aPrevious copyright fee: GBP20.00$c2\0$e01-jan-2007$fGBP20.00$g0$hP$5Uk
=ACF  \\$aPrevious Copyright Fee: GBP18.00$c2\0$e26-apr-2006$fGBP18.00$g0$hP$5Uk
=ACF  \\$aCurrent Copyright Fee: GBP16.11$c0$e01-jan-2006$fGBP16.11$g0$hC$5Uk
=ACF  \\$aPrevious Copyright Fee: GBP15.68$c0$e01-oct-2005$fGBP15.68$g0$hC$5Uk
=ACF  \\$aPrevious copyright fee: GBP25.00$c2\0$e01-jan-2011$fGBP25.00$g0$hP$5Uk
=ACF  \\$aPrevious copyright fee: GBP27.00$c2\0$e01-jan-2012$fGBP27.00$g0$hP$5Uk
=ACF  \\$aPrevious copyright fee: GBP27.50$c2\0$e01-jan-2013$fGBP27.50$g0$hP$5Uk
=ACF  \\$aPrevious copyright fee: GBP28.00$c2\0$e01-jan-2014$fGBP28.00$g0$hP$5Uk
=ACF  \\$aPrevious copyright fee: GBP30.00$c2\0$e01-jan-2015$fGBP30.00$g0$hP$5Uk
=ACF  \\$aPrevious copyright fee: GBP34.00$c2\0$e01-jan-2016$fGBP34.00$g0$hP$5Uk
=ACF  \\$aPrevious copyright fee: GBP31.00$c2\0$e01-apr-2016$fGBP31.00$g0$hP$5Uk
=ACF  \\$aPrevious copyright fee: GBP33.00$c2\0$e01-jan-2017$fGBP33.00$g0$hP$5Uk
=ACF  \\$aPrevious copyright fee: GBP35.00$c2\0$e01-jan-2018$fGBP35.00$g0$hP$5Uk
=ACF  \\$aPrevious copyright fee: GBP37.00$c2\0$e01-jan-2019$fGBP37.00$g0$hP$5Uk
=ACF  \\$aPrevious copyright fee: GBP39.00$c2\0$e01-jan-2020$fGBP39.00$g0$hP$5Uk
=LAS  \\$aIPL-CLA$b00$c20221231$lBLL01$h1446

