=LDR  04185cas a2201081 a 4500
=001  013354992
=003  Uk
=005  20221031154406.0
=006  m\\\\\\\\d\\\\\\\\
=007  cr\|||||||||||
=008  980717c19969999cauqr\pss\\\\\0\\\a0eng\d
=FMT  \\$a  SE
=010  \\$a00212746$z2002242118
=019  c\$a2540572
=022  0\$a1531-5355
=037  \\$aISSN_10878149$bPortico$nWiley
=040  \\$aF#A$cF#A$dOCL$dNSD$dOCLCQ$dFUG$dOCLCQ$dUk
=042  \\$ansdp$aukblsr
=050  \4$aHM141$b.L374
=082  04$a658.4092$222
=130  0\$aLeader to leader (Online)
=210  0\$aLead. lead.$b(Online)
=222  \0$aLeader to leader$b(Online)
=245  10$aLeader to leader$h[electronic resource].
=260  \\$a[San Francisco, CA] :$bJossey-Bass
=310  \\$aQuarterly
=336  \\$atext$2rdacontent
=337  \\$acomputer$2rdamedia
=338  \\$aonline resource$2rdacarrier
=362  1\$aPrint began with no. 1 (summer 1996).
=500  \\$aDescription based on: No. 8 (spring 1998); title from journal information screen (viewed July 13, 1998).
=530  \\$aAlso issued in print.
=538  \\$aMode of access: World Wide Web.
=550  \\$aIssued by the Drucker Foundation.
=595  \\$aHARD COPY NOT SELECTED.
=540  \\$aCurrent Copyright Fee: GBP32.00$c35\0$5Uk
=650  \0$aLeadership$vPeriodicals.
=650  \0$aManagement$vPeriodicals.
=650  \0$aOrganizational change$vPeriodicals.
=650  \0$aNonprofit organizations$xManagement$vPeriodicals.
=690  7\$aManagement and Business Studies$2blcoll
=710  2\$aPeter F. Drucker Foundation for Nonprofit Management.
=776  1\$tLeader to leader$x1087-8149
=859  \\$aELD$bejournal
=856  \\$31850-9999$uhttp://onlinelibrary.wiley.com/$xBLDSS
=852  41$aBritish Library$bHMNTS$jELD Digital store$3Issue 67(2013)-
=852  41$aBritish Library$bDSC$j5162.858660$3Year 1996: Issue 1 (1996)-Issue 74(2014)***See ESTAR for full holdings.
=945  \\$aLeader to leader
=959  \\$fHeld but not currently received
=A02  \\$a2540572
=CAT  \\$a8141$b40$c20051207$lBLL01$h0804
=CAT  \\$aBATCH-UPD$b00$c20101116$lBLL01$h1335
=CAT  \\$aIPL-CLA$c20101231$lBLL01$h1517
=CAT  \\$aWR12_168$c20121206$lBLL01$h1836
=CAT  \\$aWR13.005$c20130323$lBLL01$h1334
=CAT  \\$a8483$b40$c20130605$lBLL01$h1342
=CAT  \\$a8483$b40$c20130605$lBLL01$h1345
=CAT  \\$aWR13.114$c20130717$lBLL01$h1313
=CAT  \\$aBATCH-PORT$c20130829$lBLL01$h1114
=CAT  \\$aWR14_009$c20140204$lBLL01$h2342
=CAT  \\$aBLDSS-3PM$b00$c20141214$lBLL01$h1523
=CAT  \\$aBATCH-UPD$b00$c20150215$lBLL01$h1657
=CAT  \\$aIPL-CLA$c20150228$lBLL01$h2049
=CAT  \\$aCDS15-UPD$b40$c20150918$lBLL01$h1640
=CAT  \\$aBATCH-UPD$b40$c20160530$lBLL01$h0003
=CAT  \\$aW1711-1005$c20171206$lBLL01$h1818
=CAT  \\$aBATCH-UPD$b00$c20180219$lBLL01$h1748
=CAT  \\$aBATCH-UPD$b00$c20181121$lBLL01$h1622
=CAT  \\$aIPL-CLA$c20181231$lBLL01$h1543
=CAT  \\$aR1911-0245$c20191127$lBLL01$h0823
=CAT  \\$aR1911-0245$c20191127$lBLL01$h1045
=CAT  \\$aIPL-CLA$c20191231$lBLL01$h1937
=CAT  \\$a12654$b40$c20210824$lBLL01$h1025
=CAT  \\$a12654$b40$c20210824$lBLL01$h1029
=CAT  \\$a12654$b40$c20210824$lBLL01$h1041
=CAT  \\$a6811$b40$c20221031$lBLL01$h1544
=CFI  0\$aCurrent Copyright Fee: GBP32.00$c35\0$e01-jan-2020$fGBP32.00$g0$hP$5Uk
=CFI  2\$aPrevious copyright fee: GBP28.00$c35\0$e01-jan-2019$fGBP28.00$g0$hP$5Uk
=EST  \\$a1
=FFP  \\$aY$bBLDSS-3PM
=FIN  \\$aY$d20051207
=LEO  \\$aMP10.0000340930
=LKR  \\$aPAR$b015892311$lBLL01$r776$mLeader to leader (Online)$nLeader to leader
=MNI  \\$a1087-8149
=SID  \\$aZ39$bOCLC
=SRC  \\$aDSS01$bbibmp10.200404.2.aa
=TCO  \\$aTRS$bCCC$c008
=TOC  \\$aETOC
=UNO  \\$aY
=ACF  \\$aPrevious Copyright Fee: GBP17.00$c35\0$e01-apr-2005$fGBP17.00$g0$hP$5Uk
=ACF  \\$aPrevious copyright fee: GBP22.00$c35\0$e01-jan-2011$fGBP22.00$g0$hP$5Uk
=ACF  \\$aPrevious copyright fee: GBP24.00$c35\0$e01-mar-2015$fGBP24.00$g0$hP$5Uk
=LAS  \\$a6811$b40$c20221031$lBLL01$h1544

