=LDR  05361cas a2201165 i 4500
=001  013355130
=003  Uk
=005  20221231144653.0
=006  m\\\\\\\\d\\\\\\\\
=007  cr||||||||||||
=008  030130c20009999enkqx\pss\o\\\0\\\a0eng\d
=FMT  \\$a  SE
=015  \\$aGBB656085$2bnb
=022  0\$a1479-5809$y0739-3180
=037  \\$aISSN_15295036$bPortico$nTaylor & Francis
=040  \\$aBNG$cBNG$dOCLCQ$dOCL$dCGU$dUk
=042  \\$aukblsr
=050  \4$aP87$b.C73
=082  04$a302.2305$222
=130  0\$aCritical studies in media communication (Online)
=222  \0$aCritical studies in media communication$b(Online)
=245  10$aCritical studies in media communication$h[electronic resource] :$bCSMC : a publication of the National Communication Association.
=246  30$aCSMC
=260  \\$aAnnandale, VA :$bThe Association,$c[2003]-
=260  3\$aLondon :$bTaylor & Francis
=310  \\$aFive issues yearly
=321  \\$aQuarterly
=336  \\$atext$2rdacontent
=337  \\$acomputer$2rdamedia
=338  \\$aonline resource$2rdacarrier
=362  0\$aVol. 17, no. 1 (Mar. 2000)-
=500  \\$aTitle from ProQuest full text title list (viewed Jan. 30, 2003).
=580  \\$aIncludes issues of earlier title: Critical studies in mass communication.
=588  \\$aLatest issue consulted: volume 33, issue 1 (2016) (Taylor & Francis Online, viewed April 20, 2016).
=538  \\$aMode of access: World Wide Web.
=540  \\$aCurrent copyright fee: GBP37.00$c2\0$5Uk
=650  \0$aMass media$vPeriodicals.
=710  2\$aNational Communication Association (U.S.)
=776  08$iAlso issued in print as:$tCritical studies in media communication$x1529-5036
=780  10$tCritical studies in mass communication
=856  \\$31850-9999$uhttp://www.tandfonline.com/$xBLDSS
=859  \\$aELD$bejournal
=852  41$aBritish Library$bHMNTS$jELD Digital store$3Volume 33:Issue 1(2016)-***Previous issues available in print copy
=852  41$aBritish Library$bDSC$j3487.488100$3Volume 23:Issue 1(2006)-Volume 28:Issue 5(2011)***See ESTAR for full holdings.
=945  \\$aCritical studies in media communication
=959  \\$fHeld but not currently received
=985  \\$aResponsibility for ISSN transferred to US ISSN Center from ISSN UK Centre, 14/12/11
=CAT  \\$a3072$b40$c20051207$lBLL01$h0945
=CAT  \\$a5552$b40$c20131104$lBLL01$h1345
=CAT  \\$aBATCH-CLA$b00$c20140810$lBLL01$h1313
=CAT  \\$aBATCH-UPD$b00$c20141124$lBLL01$h1802
=CAT  \\$aBLDSS-3PM$b00$c20141130$lBLL01$h1248
=CAT  \\$aIPL-CLA$c20141231$lBLL01$h1653
=CAT  \\$aBATCH-UPD$b00$c20151119$lBLL01$h1543
=CAT  \\$a11296$b40$c20151229$lBLL01$h1247
=CAT  \\$aIPL-CLA$c20151231$lBLL01$h1923
=CAT  \\$a8464$b40$c20160203$lBLL01$h1115
=CAT  \\$a5997$b40$c20160420$lBLL01$h1417
=CAT  \\$a5997$b40$c20160420$lBLL01$h1420
=CAT  \\$aBATCH-UPD$b40$c20160620$lBLL01$h0205
=CAT  \\$aBATCH-UPD$b40$c20161122$lBLL01$h1512
=CAT  \\$aIPL-CLA$c20161230$lBLL01$h2149
=CAT  \\$aBATCH-UPD$b00$c20171121$lBLL01$h1647
=CAT  \\$aW1711-1005$c20171206$lBLL01$h1818
=CAT  \\$aIPL-CLA$c20171231$lBLL01$h1649
=CAT  \\$aBATCH-UPD$b00$c20181217$lBLL01$h1638
=CAT  \\$aIPL-CLA$c20181231$lBLL01$h1543
=CAT  \\$aBATCH-UPD$b00$c20191122$lBLL01$h1900
=CAT  \\$aIPL-CLA$c20191231$lBLL01$h1937
=CAT  \\$aBATCH-UPD$b00$c20201118$lBLL01$h1334
=CAT  \\$aIPL-CLA$c20201231$lBLL01$h1529
=CAT  \\$aBATCH-UPD$b00$c20221121$lBLL01$h1347
=CAT  \\$aIPL-CLA$c20221231$lBLL01$h1446
=CFI  0\$aCurrent copyright fee: GBP37.00$c2\0$e01-jan-2023$fGBP37.00$g0$hP$5Uk
=CFI  2\$aPrevious copyright fee: GBP35.00$c2\0$e01-jan-2021$fGBP35.00$g0$hP$5Uk
=EST  \\$a1
=FFP  \\$aY$bBLDSS-3PM
=FIN  \\$aY$d20051207
=LEO  \\$aMP22.0000070435
=MNI  \\$a1529-5036
=SID  \\$aZ39$bOCLC
=SRC  \\$aISN01$bbibmp22.200404.2.aa
=TCO  \\$aCLA$bCLA$c008
=TOC  \\$aETOC
=ACF  \\$aPrevious copyright fee: GBP21.00$c2\0$e01-jan-2010$fGBP21.00$g0$hP$5Uk
=ACF  \\$aPrevious copyright fee: GBP20.00$c2\0$e01-jan-2009$fGBP20.00$g0$hP$5Uk
=ACF  \\$aPrevious copyright fee: GBP19.00$c2\0$e01-apr-2008$fGBP19.00$g0$hP$5Uk
=ACF  \\$aPrevious copyright fee: GBP20.00$c2\0$e01-jan-2007$fGBP20.00$g0$hP$5Uk
=ACF  \\$aPrevious Copyright Fee: GBP18.00$c2\0$e01-jan-2006$fGBP18.00$g0$hP$5Uk
=ACF  \\$aPrevious copyright fee: GBP25.00$c2\0$e01-jan-2011$fGBP25.00$g0$hP$5Uk
=ACF  \\$aPrevious copyright fee: GBP27.50$c2\0$e01-jan-2013$fGBP27.50$g0$hP$5Uk
=ACF  \\$aPrevious copyright fee: GBP27.00$c2\0$e01-jan-2012$fGBP27.00$g0$hP$5Uk
=ACF  \\$aPrevious copyright fee: GBP24.00$c2\0$e01-jan-2014$fGBP24.00$g0$hP$5Uk
=ACF  \\$aPrevious copyright fee: GBP25.00$c2\0$e01-jan-2015$fGBP25.00$g0$hP$5Uk
=ACF  \\$aPrevious copyright fee: GBP26.00$c2\0$e01-jan-2016$fGBP26.00$g0$hP$5Uk
=ACF  \\$aPrevious copyright fee: GBP28.00$c2\0$e01-jan-2017$fGBP28.00$g0$hP$5Uk
=ACF  \\$aPrevious copyright fee: GBP30.00$c2\0$e01-jan-2018$fGBP30.00$g0$hP$5Uk
=ACF  \\$aPrevious copyright fee: GBP32.00$c2\0$e01-jan-2019$fGBP32.00$g0$hP$5Uk
=ACF  \\$aPrevious copyright fee: GBP34.00$c2\0$e01-jan-2020$fGBP34.00$g0$hP$5Uk
=LAS  \\$aIPL-CLA$b00$c20221231$lBLL01$h1446

