=LDR  04103cas a2200985 a 4500
=001  013355170
=003  Uk
=005  20230505114351.0
=006  m\\\\\\\\d\\\\\\\\
=007  cr\cnu\\\\\\\\
=008  030418c20049999enktr\pss\\\\\0\\\\0eng\c
=FMT  \\$a  SE
=010  \\$a2003212632
=015  \\$aGBA604634$2bnb
=022  \\$a1544-4767
=037  \\$aISSN_15444759$bPortico$nWiley
=040  \\$aNSD$cNSD$dOCLCQ$dFUG$dOCLCQ$dNSD$dUk
=042  \\$aukblsr
=050  \4$aHV6080$b.J68
=082  04$a365.3$222
=130  0\$aJournal of investigative psychology and offender profiling (Online)
=222  \0$aJournal of investigative psychology and offender profiling$b(Online)
=245  10$aJournal of investigative psychology and offender profiling$h[electronic resource].
=260  \\$aChichester, UK :$bJohn Wiley & Sons,$c2004-
=310  \\$aThree times a year
=336  \\$atext$2rdacontent
=337  \\$acomputer$2rdamedia
=338  \\$aonline resource$2rdacarrier
=362  0\$aVol. 1, issue 1 (Jan. 2004)-
=500  \\$aDescription based on: Vol. 1, issue 1 (Jan. 2004); title from general information screen (viewed Jan 22, 2004).
=500  \\$aLatest issue consulted: Vol. 1, issue 3 (2004) (viewed Jan. 6, 2005).
=530  \\$aAlso issued in print.
=538  \\$aMode of access: World Wide Web.
=540  \\$aCurrent Copyright Fee: GBP32.00$c35\0$5Uk
=650  \0$aCriminal psychology$vPeriodicals.
=650  \0$aCriminal behavior, Prediction of$vPeriodicals.
=690  7\$aSocial Welfare$2blcoll
=776  1\$tJournal of investigative psychology and offender profiling$x1544-4759
=859  \\$aELD$bejournal
=856  \\$31850-9999$uhttp://onlinelibrary.wiley.com/$xBLDSS
=852  41$aBritish Library$bHMNTS$jELD Digital store$3Volume 10:Issue 1(2013:Jan.)-***previous issues available in print copy
=852  41$aBritish Library$bDSC$j5008.015000$3Volume 3:Issue 1(2006)-Volume 15:Issue 1(2018)***See ESTAR for full holdings.
=945  \\$aJournal of investigative psychology and offender profiling.
=959  \\$fHeld but not currently received
=979  \\$aBritish Library$bDSC$j5008.015000
=CAT  \\$a7332$b40$c20051207$lBLL01$h1028
=CAT  \\$aIPL-CLA$c20101231$lBLL01$h1517
=CAT  \\$aBATCH$b00$c20110625$lBLL01$h0517
=CAT  \\$aBATCH-SWP4$c20110627$lBLL01$h1600
=CAT  \\$aCDS12-UPD$b40$c20120402$lBLL01$h1434
=CAT  \\$aWR13.114$c20130717$lBLL01$h1313
=CAT  \\$aBATCH-PORT$c20130829$lBLL01$h1114
=CAT  \\$a11316$b40$c20131212$lBLL01$h1136
=CAT  \\$aWR14_009$c20140204$lBLL01$h2342
=CAT  \\$aWR14_140$c20140905$lBLL01$h1810
=CAT  \\$aBLDSS-3PM$b00$c20141214$lBLL01$h1523
=CAT  \\$aBATCH-UPD$b00$c20150215$lBLL01$h1657
=CAT  \\$aIPL-CLA$c20150228$lBLL01$h2049
=CAT  \\$a8335$b40$c20150914$lBLL01$h1205
=CAT  \\$a8055$b40$c20150916$lBLL01$h1021
=CAT  \\$a10983$b40$c20160418$lBLL01$h1329
=CAT  \\$aBATCH-UPD$b40$c20160624$lBLL01$h1228
=CAT  \\$aW1711-1005$c20171206$lBLL01$h1818
=CAT  \\$aBATCH-UPD$b00$c20180219$lBLL01$h1748
=CAT  \\$aW1805-0471$c20180520$lBLL01$h1139
=CAT  \\$aBATCH-UPD$b00$c20181121$lBLL01$h1622
=CAT  \\$aIPL-CLA$c20181231$lBLL01$h1543
=CAT  \\$aR1911-0245$c20191127$lBLL01$h0823
=CAT  \\$aR1911-0245$c20191127$lBLL01$h1045
=CAT  \\$aIPL-CLA$c20191231$lBLL01$h1937
=CAT  \\$a5410$b40$c20230505$lBLL01$h1143
=CFI  0\$aCurrent Copyright Fee: GBP32.00$c35\0$e01-jan-2020$fGBP32.00$g0$hP$5Uk
=CFI  2\$aPrevious copyright fee: GBP28.00$c35\0$e01-jan-2019$fGBP28.00$g0$hP$5Uk
=EST  \\$a1
=FFP  \\$aY$bBLDSS-3PM
=FIN  \\$aY$d20051207
=MNI  \\$a1544-4759
=SID  \\$aZ39$bOCLC
=TCO  \\$aCLA$bCLA$c008
=TOC  \\$aETOC
=UNO  \\$aY
=ACF  \\$aPrevious Copyright Fee: GBP17.00$c35\0$e01-apr-2005$fGBP17.00$g0$hP$5Uk
=ACF  \\$aPrevious copyright fee: GBP22.00$c35\0$e01-jan-2011$fGBP22.00$g0$hP$5Uk
=ACF  \\$aPrevious copyright fee: GBP24.00$c35\0$e01-mar-2015$fGBP24.00$g0$hP$5Uk
=LAS  \\$a5410$b40$c20230505$lBLL01$h1143

