=LDR  05656cas a2201201 a 4500
=001  013355458
=003  Uk
=005  20230930080750.0
=006  m\\\\\\\\d\\\\\\\\
=007  cr\mnu\\\\\\\\
=008  040521c20039999enktr\pss\\\\\0\\\a0eng\d
=FMT  \\$a  SE
=015  \\$aGBA604703$2bnb
=022  \\$a1478-1166$y1478-1158
=037  \\$aISSN_14781158$bPortico$nTaylor & Francis
=040  \\$aF#A$cF#A$dOCLCQ$dF#A$dOCLCQ$dOCLCS$dUk
=042  \\$aukblsr
=082  04$a327.1$222
=130  0\$aGlobal change, peace & security (Online)
=222  \0$aGlobal change, peace & security$b(Online)
=245  10$aGlobal change, peace & security$h[electronic resource].
=246  3\$aGlobal change, peace and security
=260  \\$a[Abingdon, Oxfordshire] :$bCarfax Pub.,$cc2003-
=264  31$3<2015>-$a[Abingdon] :$bRoutledge
=310  \\$aThree no. a year
=336  \\$atext$2rdacontent
=337  \\$acomputer$2rdamedia
=338  \\$aonline resource$2rdacarrier
=362  0\$aVol. 15, no. 1 (Feb. 2003)-
=500  \\$aTitle from journal information screen (FirstSearch, viewed May 14, 2004).
=530  \\$aAlso issued in print.
=550  \\$aPublished in association with the Law School, La Trobe University, Victoria, Australia.
=538  \\$aMode of access: World Wide Web.
=588  \\$aLatest issue consulted: Volume 27, issue 2 (2015) (t&f online, viewed July 30, 2015).
=540  \\$aCurrent copyright fee: GBP37.00$c2\0$5Uk
=650  \0$aSecurity, International$vPeriodicals.
=650  \0$aWorld politics$y1989-$vPeriodicals.
=650  \0$aPeaceful change (International relations)$vPeriodicals.
=710  2\$aLa Trobe University.$bSchool of Law and Legal Studies.
=776  1\$tGlobal change, peace and security (Print)$x1478-1158
=780  00$tPacifica review (Online)
=856  \\$31850-9999$uhttp://www.tandfonline.com/$xBLDSS
=859  \\$aELD$bejournal
=852  41$aBritish Library$bHMNTS$jELD Digital store$3Volume 28:Issue 1(2016)-***Previous issues available
=852  41$aBritish Library$bDSC$j4195.358370$3Volume 18:Issue 1(2006)-Volume 23:Issue 3(2011)***See ESTAR for full holdings.
=945  \\$aGLOBAL CHANGE PEACE AND SECURITY.
=959  \\$fHeld but not currently received
=985  \\$aISSN responsibility transferred from ISSN UK Centre to U.S. ISSN Center Taylor & Francis, Multinational Publisher List, Summer 2016
=CAT  \\$a11281$b40$c20051207$lBLL01$h1328
=CAT  \\$a8124$b40$c20150730$lBLL01$h1429
=CAT  \\$aBATCH-UPD$b40$c20151119$lBLL01$h1520
=CAT  \\$aIPL-CLA$c20151231$lBLL01$h1923
=CAT  \\$a8478$b40$c20160119$lBLL01$h1133
=CAT  \\$a11296$b40$c20160205$lBLL01$h1150
=CAT  \\$a11296$b40$c20160205$lBLL01$h1151
=CAT  \\$aWR16_048$c20160322$lBLL01$h1613
=CAT  \\$aBATCH-UPD$b00$c20160726$lBLL01$h1001
=CAT  \\$aW1607-0553$c20160818$lBLL01$h0910
=CAT  \\$aW1607-0553$c20160818$lBLL01$h0915
=CAT  \\$aBATCH-UPD$b00$c20161122$lBLL01$h1443
=CAT  \\$aIPL-CLA$c20161230$lBLL01$h2149
=CAT  \\$aBATCH-UPD$b00$c20171121$lBLL01$h1623
=CAT  \\$aW1711-1005$c20171206$lBLL01$h1818
=CAT  \\$aIPL-CLA$c20171231$lBLL01$h1649
=CAT  \\$aBATCH-UPD$b00$c20181217$lBLL01$h1629
=CAT  \\$aIPL-CLA$c20181231$lBLL01$h1543
=CAT  \\$aBATCH-UPD$b00$c20191122$lBLL01$h1842
=CAT  \\$aIPL-CLA$c20191231$lBLL01$h1937
=CAT  \\$aBATCH-UPD$b00$c20201118$lBLL01$h1324
=CAT  \\$aIPL-CLA$c20201231$lBLL01$h1529
=CAT  \\$aBATCH-UPD$b00$c20221121$lBLL01$h1319
=CAT  \\$aIPL-CLA$c20221231$lBLL01$h1446
=CAT  \\$aR2308-1440$c20230824$lBLL01$h0928
=CAT  \\$aIPL-CLA$c20230930$lBLL01$h0807
=CFI  0\$aCurrent copyright fee: GBP37.00$c2\0$e01-oct-2023$fGBP37.00$g0$hP$5Uk
=CFI  2\$aPrevious copyright fee: GBP37.00$c1\0$e01-jan-2023$fGBP37.00$g0$hP$5Uk
=EST  \\$a1
=FFP  \\$aY$bBLDSS-3PM
=FIN  \\$aY$d20051207
=LEO  \\$aMP22.0000069578
=LKR  \\$aPAR$b009191912$lBLL01$nGlobal change, peace & security (Print)$mGlobal change, peace & security (Online)$r776
=MNI  \\$a1478-1158
=SID  \\$aZ39$bOCLC
=SRC  \\$aISN01$bbibmp22.200404.2.aa
=TCO  \\$aCLA$bCLA$c008
=TOC  \\$aETOC
=ACF  \\$aPrevious copyright fee: GBP17.00$c1\0$e01-jan-2010$fGBP17.00$g0$hP$5Uk
=ACF  \\$aPrevious copyright fee: GBP16.00$c1\0$e01-jan-2009$fGBP16.00$g0$hP$5Uk
=ACF  \\$aPrevious copyright fee: GBP15.00$c1\0$e01-apr-2008$fGBP15.00$g0$hP$5Uk
=ACF  \\$aPrevious copyright fee: GBP16.00$c1\0$e01-jan-2007$fGBP16.00$g0$hP$5Uk
=ACF  \\$aPrevious copyright fee: GBP13.00$c1\0$e01-jan-2005$fGBP13.00$g0$hP$5Uk
=ACF  \\$aPrevious copyright fee: GBP21.00$c1\0$e01-jan-2011$fGBP21.00$g0$hP$5Uk
=ACF  \\$aPrevious copyright fee: GBP23.00$c1\0$e01-jan-2012$fGBP23.00$g0$hP$5Uk
=ACF  \\$aPrevious copyright fee: GBP23.50$c1\0$e01-jan-2013$fGBP23.50$g0$hP$5Uk
=ACF  \\$aPrevious copyright fee: GBP24.00$c1\0$e01-jan-2014$fGBP24.00$g0$hP$5Uk
=ACF  \\$aPrevious copyright fee: GBP25.00$c1\0$e01-jan-2015$fGBP25.00$g0$hP$5Uk
=ACF  \\$aPrevious copyright fee: GBP26.00$c1\0$e01-jan-2016$fGBP26.00$g0$hP$5Uk
=ACF  \\$aPrevious copyright fee: GBP28.00$c1\0$e01-jan-2017$fGBP28.00$g0$hP$5Uk
=ACF  \\$aPrevious copyright fee: GBP30.00$c1\0$e01-jan-2018$fGBP30.00$g0$hP$5Uk
=ACF  \\$aPrevious copyright fee: GBP32.00$c1\0$e01-jan-2019$fGBP32.00$g0$hP$5Uk
=ACF  \\$aPrevious copyright fee: GBP34.00$c1\0$e01-jan-2020$fGBP34.00$g0$hP$5Uk
=ACF  \\$aPrevious copyright fee: GBP35.00$c1\0$e01-jan-2021$fGBP35.00$g0$hP$5Uk
=LAS  \\$aIPL-CLA$b00$c20230930$lBLL01$h0807

