=LDR  05766cas a2201237 i 4500
=001  013355874
=003  Uk
=005  20230930080751.0
=006  m\\\\\\\\d\\\\\\\\
=007  cr\|||||||||||
=008  020411c19929999enkqr\pss\\\\\0\\\a0eng\d
=FMT  \\$a  SE
=010  \\$a2002238323
=015  \\$aGBA604776$2bnb
=022  0\$a1466-1802
=037  \\$aISSN_10609164$bPortico$nTaylor & Francis
=040  \\$aIUL$cIUL$dOCLCQ$dCGU$dOCLCQ$dUk
=041  0\$aeng$apor$aspa
=043  \\$acl-----
=050  \4$aF1$b.C719
=082  04$a980.005$222
=130  0\$aColonial Latin American review (Online)
=210  0\$aColon. lat. Am. rev.$b(Online)
=222  \0$aColonial Latin American review$b(Online)
=245  10$aColonial Latin American review$h[electronic resource].
=246  13$aCLAR
=260  \\$aAbingdon :$bCarfax,$c[1998]-
=264  31$a[Adingdon] :$bRoutledge, Taylor & Francis Group
=310  \\$aFour issues yearly
=336  \\$atext$2rdacontent
=337  \\$acomputer$2rdamedia
=338  \\$aonline resource$2rdacarrier
=362  1\$aPrint began with vol. 1, no. 1/2 (1992).
=500  \\$aDescription based on: Vol. 7, no. 1 (June 1998); title from introductory page, viewed Apr. 11, 2002.
=500  \\$aLatest issue consulted: volume 24, issue 3 (2015) (Tayor & Francis, viewed February17, 2016).
=546  \\$aEnglish, Portuguese, and Spanish.
=550  \\$aSponsored by: Simon H. Rifkind Center for the Humanities and the Dept. of Romance Languages of the City College of the City University of New York.
=540  \\$aCurrent copyright fee: GBP37.00$c2\0$5Uk
=651  \0$aLatin America$xCivilization$vPeriodicals.
=651  \0$aLatin America$xHistory$yTo 1830$vPeriodicals.
=776  08$iAlso issued in print as:$tColonial Latin American review$x1060-9164
=710  2\$aCity University of New York.$bCity College.$bDepartment of Romance Languages.
=710  2\$aSimon H. Rifkind Center for the Humanities.
=859  \\$aELD$bejournal
=856  \\$31850-9999$uhttp://www.tandfonline.com/$xBLDSS
=852  41$aBritish Library$bHMNTS$jELD Digital store$3Volume 25:Issue 1(2016)-***Previous issues available in print copy
=852  41$aBritish Library$bDSC$j3317.154000$3Volume 15:Issue 1(2006)-Volume 20:Issue 3(2011)***See ESTAR for full holdings.
=945  \\$aCOLONIAL LATIN AMERICAN REVIEW.
=959  \\$fHeld but not currently received
=985  \\$aRecord amended for WR# 13/070
=985  \\$aISSN responsibility transferred from ISSN UK Centre to U.S. ISSN Center Taylor & Francis, Multinational Publisher List, Summer 2016
=CAT  \\$a7332$b40$c20051208$lBLL01$h0914
=CAT  \\$aIPL-CLA$c20141231$lBLL01$h1653
=CAT  \\$aBATCH-UPD$b00$c20151119$lBLL01$h1521
=CAT  \\$a8464$b40$c20151222$lBLL01$h1514
=CAT  \\$aIPL-CLA$c20151231$lBLL01$h1923
=CAT  \\$a8478$b40$c20160205$lBLL01$h1053
=CAT  \\$a8478$b40$c20160205$lBLL01$h1054
=CAT  \\$a5997$b40$c20160217$lBLL01$h1354
=CAT  \\$aBATCH-UPD$b40$c20160804$lBLL01$h1607
=CAT  \\$aW1607-0553$c20160818$lBLL01$h0910
=CAT  \\$aW1607-0553$c20160818$lBLL01$h0915
=CAT  \\$aBATCH-UPD$b00$c20161122$lBLL01$h1443
=CAT  \\$aIPL-CLA$c20161230$lBLL01$h2149
=CAT  \\$aBATCH-UPD$b00$c20171121$lBLL01$h1623
=CAT  \\$aW1711-1005$c20171206$lBLL01$h1818
=CAT  \\$aIPL-CLA$c20171231$lBLL01$h1649
=CAT  \\$aBATCH-UPD$b00$c20181217$lBLL01$h1629
=CAT  \\$aIPL-CLA$c20181231$lBLL01$h1543
=CAT  \\$aBATCH-UPD$b00$c20191122$lBLL01$h1842
=CAT  \\$aIPL-CLA$c20191231$lBLL01$h1937
=CAT  \\$aBATCH-UPD$b00$c20201118$lBLL01$h1324
=CAT  \\$aIPL-CLA$c20201231$lBLL01$h1529
=CAT  \\$aBATCH-UPD$b00$c20221121$lBLL01$h1319
=CAT  \\$aIPL-CLA$c20221231$lBLL01$h1446
=CAT  \\$aR2308-1440$c20230824$lBLL01$h0928
=CAT  \\$aIPL-CLA$c20230930$lBLL01$h0807
=CFI  0\$aCurrent copyright fee: GBP37.00$c2\0$e01-oct-2023$fGBP37.00$g0$hP$5Uk
=CFI  2\$aPrevious copyright fee: GBP37.00$c1\0$e01-jan-2023$fGBP37.00$g0$hP$5Uk
=EST  \\$a1
=FFP  \\$aY$bBLDSS-3PM
=FIN  \\$aY$d20051208
=LEO  \\$aMP22.0000060804
=MNI  \\$a1060-9164
=SID  \\$aZ39$bOCLC
=SRC  \\$aISN01$bbibmp22.200404.2.aa
=TCO  \\$aCLA$bCLA$c008
=TCO  \\$aTRS$bCCC$c008
=TOC  \\$aETOC
=ACF  \\$aPrevious copyright fee: GBP17.00$c1\0$e01-jan-2010$fGBP17.00$g0$hP$5Uk
=ACF  \\$aPrevious copyright fee: GBP16.00$c1\0$e01-jan-2009$fGBP16.00$g0$hP$5Uk
=ACF  \\$aPrevious copyright fee: GBP15.00$c1\0$e01-apr-2008$fGBP15.00$g0$hP$5Uk
=ACF  \\$aPrevious copyright fee: GBP16.00$c1\0$e01-jan-2007$fGBP16.00$g0$hP$5Uk
=ACF  \\$aPrevious copyright fee: GBP13.00$c1\0$e01-jan-2005$fGBP13.00$g0$hP$5Uk
=ACF  \\$aPrevious copyright fee: GBP21.00$c1\0$e01-jan-2011$fGBP21.00$g0$hP$5Uk
=ACF  \\$aPrevious copyright fee: GBP23.00$c1\0$e01-jan-2012$fGBP23.00$g0$hP$5Uk
=ACF  \\$aPrevious copyright fee: GBP23.50$c1\0$e01-jan-2013$fGBP23.50$g0$hP$5Uk
=ACF  \\$aPrevious copyright fee: GBP24.00$c1\0$e01-jan-2014$fGBP24.00$g0$hP$5Uk
=ACF  \\$aPrevious copyright fee: GBP25.00$c1\0$e01-jan-2015$fGBP25.00$g0$hP$5Uk
=ACF  \\$aPrevious copyright fee: GBP26.00$c1\0$e01-jan-2016$fGBP26.00$g0$hP$5Uk
=ACF  \\$aPrevious copyright fee: GBP28.00$c1\0$e01-jan-2017$fGBP28.00$g0$hP$5Uk
=ACF  \\$aPrevious copyright fee: GBP30.00$c1\0$e01-jan-2018$fGBP30.00$g0$hP$5Uk
=ACF  \\$aPrevious copyright fee: GBP32.00$c1\0$e01-jan-2019$fGBP32.00$g0$hP$5Uk
=ACF  \\$aPrevious copyright fee: GBP34.00$c1\0$e01-jan-2020$fGBP34.00$g0$hP$5Uk
=ACF  \\$aPrevious copyright fee: GBP35.00$c1\0$e01-jan-2021$fGBP35.00$g0$hP$5Uk
=LAS  \\$aIPL-CLA$b00$c20230930$lBLL01$h0807

