=LDR  05190cas a2201105 a 4500
=001  013356066
=003  Uk
=005  20230930080753.0
=006  m\\\\\\\\d\\\\\\\\
=007  cr\|||||||||||
=008  020808c20029999enkqr\pss\\\\\0\\\a0eng\d
=FMT  \\$a  SE
=022  \\$a1651-2316
=037  \\$aISSN_16506073$bPortico$nTaylor & Francis
=040  \\$aF#A$cF#A$dOCLCQ$dNLM$dMUQ$dOCLCQ$dCGU$dUk
=042  \\$aukblsr
=082  04$a616.89142$222
=130  0\$aCognitive behaviour therapy (Online)
=222  \0$aCognitive behaviour therapy$b(Stockholm. Online)
=245  10$aCognitive behaviour therapy$h[electronic resource].
=260  \\$a[London] :$bTaylor & Francis,$c2002-
=264  31$a[Abingdon] :$bPublished on behalf of the Swedish Association of Behavioural Therapists by Routledge, Taylor & Francis Group
=310  \\$aQuarterly
=336  \\$atext$2rdacontent
=337  \\$acomputer$2rdamedia
=338  \\$aonline resource$2rdacarrier
=362  0\$aVol. 31, no. 1 (2002)-
=500  \\$aTitle from journal information screen (viewed Aug. 3, 2002).
=580  \\$aIncludes issues of earlier title: Scandinavian journal of behaviour therapy.
=588  \\$aLatest issue consulted: volume 44, issue 6 (2016) (Taylor & Francis Online, viewed February 17, 2016).
=540  \\$aCurrent copyright fee: GBP37.00$c2\0$5Uk
=650  \0$aCognitive therapy$vPeriodicals.
=650  \0$aBehavior therapy$vPeriodicals.
=710  2\$aBeteendeterapeutiska föreningen,$eissuing body.
=776  08$iAlso issued in print as:$tCognitive behaviour therapy$x1650-6073
=780  00$tScandinavian journal of behaviour therapy (Online)
=859  \\$aELD$bejournal
=856  \\$31850-9999$uhttp://www.tandfonline.com/$xBLDSS
=852  41$aBritish Library$bHMNTS$jELD Digital store$3Volume 45:Issue 1(2016)-***Previous issues available in print copy
=852  41$aBritish Library$bDSC$j3292.873200$3Volume 35:Issue 1(2006)-***See ESTAR for full holdings.
=945  \\$aCOGNITIVE BEHAVIOUR THERAPY.
=959  \\$fCurrently received
=CAT  \\$a7332$b40$c20051208$lBLL01$h1115
=CAT  \\$aIPL-CLA$c20141231$lBLL01$h1653
=CAT  \\$aBATCH-UPD$b00$c20151119$lBLL01$h1529
=CAT  \\$a8464$b40$c20151222$lBLL01$h1215
=CAT  \\$aIPL-CLA$c20151231$lBLL01$h1923
=CAT  \\$a8478$b40$c20160205$lBLL01$h1046
=CAT  \\$a5997$b40$c20160217$lBLL01$h0837
=CAT  \\$aBATCH-UPD$b40$c20160526$lBLL01$h0208
=CAT  \\$aBATCH-UPD$b40$c20161122$lBLL01$h1455
=CAT  \\$aIPL-CLA$c20161230$lBLL01$h2149
=CAT  \\$aBATCH-UPD$b00$c20171121$lBLL01$h1633
=CAT  \\$aW1711-1005$c20171206$lBLL01$h1818
=CAT  \\$aIPL-CLA$c20171231$lBLL01$h1649
=CAT  \\$a8871$b40$c20181002$lBLL01$h0850
=CAT  \\$a8871$b40$c20181002$lBLL01$h0944
=CAT  \\$aBATCH-UPD$b40$c20181005$lBLL01$h2047
=CAT  \\$aBATCH-UPD$b40$c20181217$lBLL01$h1631
=CAT  \\$aIPL-CLA$c20181231$lBLL01$h1543
=CAT  \\$aBATCH-UPD$b00$c20191122$lBLL01$h1852
=CAT  \\$aIPL-CLA$c20191231$lBLL01$h1937
=CAT  \\$aBATCH-UPD$b00$c20201118$lBLL01$h1326
=CAT  \\$aIPL-CLA$c20201231$lBLL01$h1529
=CAT  \\$aBATCH-UPD$b00$c20221121$lBLL01$h1328
=CAT  \\$aIPL-CLA$c20221231$lBLL01$h1446
=CAT  \\$aR2308-1440$c20230824$lBLL01$h0928
=CAT  \\$aIPL-CLA$c20230930$lBLL01$h0807
=CFI  0\$aCurrent copyright fee: GBP37.00$c2\0$e01-oct-2023$fGBP37.00$g0$hP$5Uk
=CFI  2\$aPrevious copyright fee: GBP37.00$c15\0$e01-jan-2023$fGBP37.00$g0$hP$5Uk
=EST  \\$a1
=FFP  \\$aY$bBLDSS-3PM
=FIN  \\$aY$d20160217
=LET  \0$aCognitive behaviour therapy (Electronic)
=MNI  \\$a1650-6073
=SID  \\$aZ39$bOCLC
=TCO  \\$aCLA$bCLA$c008
=TOC  \\$aETOC
=ACF  \\$aPrevious copyright fee: GBP17.00$c15\0$e01-jan-2010$fGBP17.00$g0$hP$5Uk
=ACF  \\$aPrevious copyright fee: GBP16.00$c15\0$e01-jan-2009$fGBP16.00$g0$hP$5Uk
=ACF  \\$aPrevious copyright fee: GBP15.00$c15\0$e01-apr-2008$fGBP15.00$g0$hP$5Uk
=ACF  \\$aPrevious copyright fee: GBP16.00$c15\0$e01-jan-2007$fGBP16.00$g0$hP$5Uk
=ACF  \\$aPrevious copyright fee: GBP13.00$c15\0$e01-jan-2005$fGBP13.00$g0$hP$5Uk
=ACF  \\$aPrevious copyright fee: GBP21.00$c15\0$e01-jan-2011$fGBP21.00$g0$hP$5Uk
=ACF  \\$aPrevious copyright fee: GBP23.00$c15\0$e01-jan-2012$fGBP23.00$g0$hP$5Uk
=ACF  \\$aPrevious copyright fee: GBP23.50$c15\0$e01-jan-2013$fGBP23.50$g0$hP$5Uk
=ACF  \\$aPrevious copyright fee: GBP24.00$c15\0$e01-jan-2014$fGBP24.00$g0$hP$5Uk
=ACF  \\$aPrevious copyright fee: GBP25.00$c15\0$e01-jan-2015$fGBP25.00$g0$hP$5Uk
=ACF  \\$aPrevious copyright fee: GBP26.00$c15\0$e01-jan-2016$fGBP26.00$g0$hP$5Uk
=ACF  \\$aPrevious copyright fee: GBP28.00$c15\0$e01-jan-2017$fGBP28.00$g0$hP$5Uk
=ACF  \\$aPrevious copyright fee: GBP30.00$c15\0$e01-jan-2018$fGBP30.00$g0$hP$5Uk
=ACF  \\$aPrevious copyright fee: GBP32.00$c15\0$e01-jan-2019$fGBP32.00$g0$hP$5Uk
=ACF  \\$aPrevious copyright fee: GBP34.00$c15\0$e01-jan-2020$fGBP34.00$g0$hP$5Uk
=ACF  \\$aPrevious copyright fee: GBP35.00$c15\0$e01-jan-2021$fGBP35.00$g0$hP$5Uk
=LAS  \\$aIPL-CLA$b00$c20230930$lBLL01$h0807

