=LDR  05225cas a2201129 a 4500
=001  013356340
=003  Uk
=005  20221020141942.0
=006  m\\\\\\\\d\\\\\\\\
=007  cr\cn|||||||||
=008  990630c20059999gw\mr\p\o\\\\\0\\\a0eng\d
=FMT  \\$a  SE
=010  \\$a2005222135
=015  \\$aGBB440425$2bnb
=022  0\$a1862-6319
=037  \\$aISSN_18626300$bPortico$nWiley
=040  \\$aDLM$cDLM$dEYM$dOCLCQ$dCLU$dIUL$dUk
=042  \\$aukblsr
=050  14$aQC176.A1$bP5
=082  04$a530.41$222
=130  0\$aPhysica status solidi.$nA,$pApplications and materials science (Online)
=210  10$aPhys. stat. sol. (a)
=222  \0$aPhysica status solidi. A, Applications and materials science$b(Internet)
=245  10$aPhysica status solidi.$nA,$pApplications and materials science$h[electronic resource].
=246  30$aApplications and materials science
=246  30$aPSS
=260  \\$aWeinheim :$bWiley-VCH
=310  \\$aMonthly,$b2007-
=321  \\$aFifteen issues a year,$b2005-2006
=336  \\$atext$2rdacontent
=337  \\$acomputer$2rdamedia
=338  \\$aonline resource$2rdacarrier
=362  0\$a202, no. 1 (January 2005)-
=500  \\$aTitle from table of contents page (Wiley Online Library, viewed April 9, 2014).
=500  \\$aFrom 2005-2006, includes separately paged section: Rapid research letters.
=588  \\$aLatest issue consulted: volume 211, number 4 (April 2014) (viewed April 9, 2014).
=580  \\$aIncludes issues of earlier title: Physica status solidi. A, Applied research.
=580  \\$aCompanion to: Physica status solidi. B, Basic solid state physics; and: Physica status solidi. C, Current topics in solid state physics.
=540  \\$aCurrent Copyright Fee: GBP39.00$c35\0$5Uk
=650  \0$aSolid state physics$vPeriodicals.
=650  \0$aSolids$xIndustrial applications$vPeriodicals.
=772  1\$tPhysica status solidi. Subject and author index
=776  08$iAlso issued in print as:$tPhysica status solidi. A, Applications and materials science$x1862-6300
=780  11$tPhysica status solidi. A, Applied research (Online)$x1521-396X
=785  01$tPhysica status solidi. Rapid research letters (Online)$x1862-6270
=787  1\$tPhysica status solidi. B, Basic solid state physics (Online)
=787  1\$tPhysica status solidi. C, Current topics in solid state physics$x1610-1642
=859  \\$aELD$bejournal
=856  \\$31850-9999$uhttp://onlinelibrary.wiley.com/$xBLDSS
=852  41$aBritish Library$bHMNTS$jELD Digital store$3Volume 210:Issue 1(2013:Jan.)-***Previous issues available in print copy
=852  41$aBritish Library$bDSC$j6475.210000$3Volume 202:Issue 15(2005)-Volume 211:Issue 12(2014)***See ESTAR for full holdings.
=945  \\$aPhysica status solidi A applications and materials science
=959  \\$fHeld but not currently received
=979  \\$aBritish Library$bDSC$j6475.210000
=985  \\$aCONFERENCE ANALYTIC RECORDS EXIST
=985  \\$aOriginal derived record had start date of 1970 and did not incorporate title changes. Record amended, 10/04/14 (RB)
=CAT  \\$a8141$b40$c20051208$lBLL01$h1236
=CAT  \\$a8124$b40$c20131017$lBLL01$h1426
=CAT  \\$a6162$b40$c20131210$lBLL01$h0955
=CAT  \\$a10983$b40$c20140408$lBLL01$h0913
=CAT  \\$a10983$b40$c20140408$lBLL01$h0914
=CAT  \\$a10983$b40$c20140408$lBLL01$h0915
=CAT  \\$a8323$b40$c20140410$lBLL01$h0815
=CAT  \\$a8323$b40$c20140410$lBLL01$h0840
=CAT  \\$a8323$b40$c20140410$lBLL01$h0841
=CAT  \\$a8323$b40$c20140410$lBLL01$h0842
=CAT  \\$a8323$b40$c20140410$lBLL01$h0905
=CAT  \\$a8124$b40$c20140820$lBLL01$h1005
=CAT  \\$aBLDSS-3PM$b00$c20141214$lBLL01$h1523
=CAT  \\$aBATCH-UPD$b00$c20150215$lBLL01$h1657
=CAT  \\$aIPL-CLA$c20150228$lBLL01$h2049
=CAT  \\$aCDS15-UPD$b40$c20150918$lBLL01$h1640
=CAT  \\$aBATCH-UPD$b40$c20160526$lBLL01$h1849
=CAT  \\$aW1711-1005$c20171206$lBLL01$h1818
=CAT  \\$aBATCH-UPD$b00$c20180219$lBLL01$h1748
=CAT  \\$aBATCH-UPD$b00$c20181121$lBLL01$h1622
=CAT  \\$aIPL-CLA$c20181231$lBLL01$h1543
=CAT  \\$a5410$b40$c20190918$lBLL01$h1533
=CAT  \\$aR1911-0245$c20191127$lBLL01$h0944
=CAT  \\$aR1911-0245$c20191127$lBLL01$h1045
=CAT  \\$aIPL-CLA$c20191231$lBLL01$h1937
=CAT  \\$a5410$b40$c20221020$lBLL01$h1419
=CFI  0\$aCurrent Copyright Fee: GBP39.00$c35\0$e01-jan-2020$fGBP39.00$g0$hP$5Uk
=CFI  2\$aPrevious copyright fee: GBP28.00$c35\0$e01-jan-2019$fGBP28.00$g0$hP$5Uk
=EST  \\$a1
=FFP  \\$aY$bBLDSS-3PM
=FIN  \\$aY$d20051208
=LKR  \\$aPAR$b013356368$lBLL01$nPhysica status solidi. C, Current topics in solid state physics$r787$mPhysica status solidi. A, Applications and materials science (Internet)
=MNI  \\$a1862-6300
=SID  \\$aZ39$bOCLC
=TCO  \\$aDEU$bVG WORT$c008
=TOC  \\$aETOC
=UNO  \\$aY
=ACF  \\$aPrevious Copyright Fee: GBP17.00$c35\0$e14-oct-2005$fGBP17.00$g0$hP$5Uk
=ACF  \\$aPrevious copyright fee: GBP22.00$c35\0$e01-jan-2011$fGBP22.00$g0$hP$5Uk
=ACF  \\$aPrevious copyright fee: GBP24.00$c35\0$e01-mar-2015$fGBP24.00$g0$hP$5Uk
=LAS  \\$a5410$b40$c20221020$lBLL01$h1419

