=LDR  05167cas a2201129 a 4500
=001  013356418
=003  Uk
=005  20230930080754.0
=006  m\\\\\\\\d\|\\\\\\
=007  cr\|||||||||||
=008  021224c19929999enkqr\pss\\\\\0\\\a0eng\c
=FMT  \\$a  SE
=010  \\$a2002253388
=015  \\$aGBB349105$2bnb
=022  0\$a1532-2521$y1060-1333
=037  3\$aISSN_10601333$bPortico$nTaylor & Francis
=037  \\$aISSN_10601333_98$bPortico$nInforma Healthcare
=040  \\$aWAU$beng$cWAU$dOCLCQ$dUk
=042  \\$aukblsr
=050  \4$aRS122$b.C57
=082  04$a615.10724$222
=130  0\$aClinical research and regulatory affairs (Online)
=210  0\$aClin. res. regul. aff.$b(Online)
=222  \0$aClinical research and regulatory affairs$b(Online)
=245  10$aClinical research and regulatory affairs$h[electronic resource].
=260  \\$aNew York, N.Y. :$bDekker,$c[1992]-
=260  3\$a[London] :$bInforma Healthcare
=264  31$a[Abingdon] :$bInforma UK Limited, trading as Taylor & Francis Group
=310  \\$aQuarterly
=336  \\$atext$2rdacontent
=337  \\$acomputer$2rdamedia
=338  \\$aonline resource$2rdacarrier
=362  1\$aPrint began with vol. 9, no. 1 (Mar. 1992).
=500  \\$aTitle from v. 18 contents (viewed Dec. 24, 2002).
=500  \\$aLatest issue consulted: volume 33, issue 2-4 (2016); Taylor & Francis Online, viewed November 15, 2016.
=538  \\$aMode of access: World Wide Web.
=540  \\$aCurrent copyright fee: GBP46.00$c2\0$5Uk
=650  \0$aPharmacy$xResearch$vPeriodicals.
=650  \0$aPharmacy$xLaw and legislation$vPeriodicals.
=650  \0$aDrugs$xTesting$vPeriodicals.
=650  \0$aPharmaceutical industry$vPeriodicals.
=776  08$iAlso issued in print as:$tClinical research and regulatory affairs$x1060-1333
=859  \\$aELD$bejournal
=856  \\$31850-9999$uhttp://www.tandfonline.com/$xBLDSS
=852  41$aBritish Library$bHMNTS$jELD Digital store$3Volume 30:Number 1/2(2013:Mar./Jun.)-Volume 33:Number 2/4(2016)***Previous issues available in print copy
=852  41$aBritish Library$bDSC$j3286.372100$3Volume 23:Issue 1(2006)-Volume 28:Issue 4(2011)***See ESTAR for full holdings.
=945  \\$aCLINICAL RESEARCH AND REGULATORY AFFAIRS
=959  \\$fHeld but not currently received
=CAT  \\$a7332$b40$c20051208$lBLL01$h1341
=CAT  \\$aIPL-CLA$c20151231$lBLL01$h1923
=CAT  \\$a14448$b40$c20160204$lBLL01$h0915
=CAT  \\$a14448$b40$c20160205$lBLL01$h0934
=CAT  \\$a11433$b40$c20160415$lBLL01$h1410
=CAT  \\$a11433$b40$c20160415$lBLL01$h1411
=CAT  \\$aBATCH-UPD$b40$c20160524$lBLL01$h2148
=CAT  \\$aBATCH-UPD$b40$c20160524$lBLL01$h2158
=CAT  \\$a11205$b40$c20161115$lBLL01$h1330
=CAT  \\$aBATCH-UPD$b40$c20161122$lBLL01$h1538
=CAT  \\$aIPL-CLA$c20161230$lBLL01$h2149
=CAT  \\$a5552$b40$c20170531$lBLL01$h1108
=CAT  \\$a5552$b40$c20170601$lBLL01$h1541
=CAT  \\$aBLDSS-3PM$b00$c20170606$lBLL01$h1445
=CAT  \\$aBATCH-UPD$b00$c20170606$lBLL01$h1446
=CAT  \\$aBATCH-UPD$b00$c20171121$lBLL01$h1718
=CAT  \\$aW1711-1005$c20171206$lBLL01$h1818
=CAT  \\$aIPL-CLA$c20171231$lBLL01$h1649
=CAT  \\$aBATCH-UPD$b00$c20181217$lBLL01$h1705
=CAT  \\$aIPL-CLA$c20181231$lBLL01$h1543
=CAT  \\$aBATCH-UPD$b00$c20210126$lBLL01$h1323
=CAT  \\$aIPL-CLA$c20210126$lBLL01$h1447
=CAT  \\$aBATCH-UPD$b00$c20221121$lBLL01$h1423
=CAT  \\$aIPL-CLA$c20221231$lBLL01$h1446
=CAT  \\$aR2308-1440$c20230824$lBLL01$h0928
=CAT  \\$aIPL-CLA$c20230930$lBLL01$h0807
=CFI  0\$aCurrent copyright fee: GBP46.00$c2\0$e01-oct-2023$fGBP46.00$g0$hP$5Uk
=CFI  2\$aPrevious copyright fee: GBP46.00$c45\0$e01-jan-2023$fGBP46.00$g0$hP$5Uk
=EST  \\$a1
=FFP  \\$aY$bBLDSS-3PM
=FIN  \\$aY$d20051208
=LET  \0$aClinical research and regulatory affairs (Electronic)
=MNI  \\$a1060-1333
=SID  \\$aZ39$bOCLC
=TCO  \\$aCLA$bCLA$c008
=ACF  \\$aPrevious copyright fee: GBP19.00$c2\0$e01-apr-2008$fGBP19.00$g0$hP$5Uk
=ACF  \\$aPrevious copyright fee: GBP20.00$c2\0$e01-jan-2007$fGBP20.00$g0$hP$5Uk
=ACF  \\$aPrevious Copyright Fee: GBP18.00$c2\0$e26-apr-2006$fGBP18.00$g0$hP$5Uk
=ACF  \\$aCurrent Copyright Fee: GBP16.11$c0$e01-jan-2006$fGBP16.11$g0$hC$5Uk
=ACF  \\$aPrevious Copyright Fee: GBP15.68$c0$e01-oct-2005$fGBP15.68$g0$hC$5Uk
=ACF  \\$aCurrent copyright fee: GBP20.00$c2\0$e01-jan-2009$fGBP20.00$g0$hP$5Uk
=ACF  \\$aPrevious copyright fee: GBP29.00$c45\0$e09-nov-2009$fGBP29.00$g0$hP$5Uk
=ACF  \\$aPrevious copyright fee: GBP33.00$c45\0$e01-apr-2015$fGBP33.00$g0$hP$5Uk
=ACF  \\$aPrevious copyright fee: GBP34.00$c45\0$e01-jan-2016$fGBP34.00$g0$hP$5Uk
=ACF  \\$aPrevious copyright fee: GBP36.00$c45\0$e01-jan-2017$fGBP36.00$g0$hP$5Uk
=ACF  \\$aPrevious copyright fee: GBP38.00$c45\0$e01-jan-2018$fGBP38.00$g0$hP$5Uk
=ACF  \\$aPrevious copyright fee: GBP40.00$c45\0$e01-jan-2019$fGBP40.00$g0$hP$5Uk
=ACF  \\$aPrevious copyright fee: GBP44.00$c45\0$e26-jan-2021$fGBP44.00$g0$hP$5Uk
=LAS  \\$aIPL-CLA$b00$c20230930$lBLL01$h0807

