=LDR  06280cas a2201213 a 4500
=001  013356464
=003  Uk
=005  20221231144655.0
=006  m\\\\\\\\d\\\\\\\\
=007  cr||||||||||||
=008  021002c19719999xxuzu\pss\\\\\0\\\a0eng\d
=FMT  \\$a  SE
=010  \\$a2003214687
=015  \\$aGBA604852$2bnb
=022  \\$a1563-535X$y0091-4037
=037  \\$aISSN_00914037$bPortico$nTaylor & Francis
=040  \\$aF#A$cF#A$dNSD$dOCLCQ$dNSD$dOCLCQ$dUk
=042  \\$ansdp$aukblsr
=082  04$a620.19205$222
=130  0\$aInternational journal of polymeric materials (Online)
=210  0\$aInt. j. polym. mat.$b(Online)
=222  \0$aInternational journal of polymeric materials$b(Online)
=245  10$aInternational journal of polymeric materials$h[electronic resource].
=246  1\$iMinor title change:$aInternational journal of polymeric materials and polymeric biomaterials$f2013-
=260  \\$a[London] :$bGordon and Breach
=264  31$32002-$aPhiladelphia, Pa :$bTaylor & Francis Inc
=310  \\$aEighteen issues yearly
=321  \\$aTwelve issues yearly
=336  \\$atext$2rdacontent
=337  \\$acomputer$2rdamedia
=338  \\$aonline resource$2rdacarrier
=362  1\$aPrint began in 1971.
=500  \\$aDescription based on: Vol. 51, no. 1 (2002); title from journal information screen (viewed Oct. 1, 2002).
=530  \\$aAlso issued in print.
=538  \\$aMode of access: World Wide Web.
=550  \\$aOfficial journal of the International Society for Biomedical Polymers and Polymeric Materials, <February 14, 2017>.
=588  \\$aLatest issue consulted: volume 66 (2017) (Taylor & Francis Online, viewed February 14, 2017).
=540  \\$aCurrent copyright fee: GBP43.00$c2\0$5Uk
=650  \0$aPolymers$vPeriodicals.
=650  \0$aPlastics$vPeriodicals.
=776  1\$tInternational journal of polymeric materials$g1971-2013$x0091-4037
=776  1\$aInternational journal of polymeric materials and polymeric biomaterials$g2014-
=859  \\$aELD$bejournal
=856  \\$31850-9999$uhttp://www.tandfonline.com/$xBLDSS
=852  41$aBritish Library$bSTI$jELD Digital store$3Volume 65:Issue 1(2016)-
=852  41$aBritish Library$bDSC$j4542.475000$3Volume 55:Issue 1(2006)-Volume 60:Issue 14(2011)***See ESTAR for full holdings.
=945  \\$aINTERNATIONAL JOURNAL OF POLYMERIC MATERIALS.
=959  \\$fHeld but not currently received
=985  \\$a2016 items already accessioned here and couldn't be moved till new metadata aggregator in place - but minor title change is technically correct (no change after first 5 words, and no change in DDC); checked with Cathy re. moving 2013-2015 print ones instead from 016430481 to 013356464, but 2 STI pressmarks involved, so decided to leave records as they are, particularly as we are no longer receiving print; linked with 2 776s.
=CAT  \\$a3072$b40$c20051208$lBLL01$h1401
=CAT  \\$a14448$b40$c20151212$lBLL01$h0950
=CAT  \\$a14448$b40$c20151216$lBLL01$h0920
=CAT  \\$aIPL-CLA$c20151231$lBLL01$h1923
=CAT  \\$a14448$b40$c20160130$lBLL01$h0804
=CAT  \\$a5552$b40$c20160304$lBLL01$h0820
=CAT  \\$aIPL-CLA$c20160331$lBLL01$h1731
=CAT  \\$aBATCH-UPD$b00$c20160720$lBLL01$h2251
=CAT  \\$aBATCH-UPD$b00$c20161122$lBLL01$h1505
=CAT  \\$aIPL-CLA$c20161230$lBLL01$h2149
=CAT  \\$a10983$b40$c20170213$lBLL01$h0943
=CAT  \\$a3072$b40$c20170214$lBLL01$h1115
=CAT  \\$a3072$b40$c20170214$lBLL01$h1116
=CAT  \\$a3072$b40$c20170214$lBLL01$h1138
=CAT  \\$a10983$b40$c20170301$lBLL01$h1007
=CAT  \\$aBATCH-UPD$b40$c20171121$lBLL01$h1655
=CAT  \\$aW1711-1005$c20171206$lBLL01$h1818
=CAT  \\$aIPL-CLA$c20171231$lBLL01$h1649
=CAT  \\$aBATCH-UPD$b00$c20181217$lBLL01$h1644
=CAT  \\$aIPL-CLA$c20181231$lBLL01$h1543
=CAT  \\$aBATCH-UPD$b00$c20191122$lBLL01$h1906
=CAT  \\$aIPL-CLA$c20191231$lBLL01$h1937
=CAT  \\$aBATCH-UPD$b00$c20201118$lBLL01$h1340
=CAT  \\$aIPL-CLA$c20201231$lBLL01$h1529
=CAT  \\$aBATCH-UPD$b00$c20221121$lBLL01$h1339
=CAT  \\$aIPL-CLA$c20221231$lBLL01$h1446
=CFI  0\$aCurrent copyright fee: GBP43.00$c2\0$e01-jan-2023$fGBP43.00$g0$hP$5Uk
=CFI  2\$aPrevious copyright fee: GBP41.00$c2\0$e01-jan-2021$fGBP41.00$g0$hP$5Uk
=EST  \\$a1
=FFP  \\$aY$bBLDSS-3PM
=FIN  \\$aY$d20051208
=LKR  \\$aPAR$b009858744$lBLL01$r776$mInternational journal of polymeric materials (Online)$nInternational journal of polymeric materials (Print)
=LKR  \\$aPAR$b016430481$lBLL01$r776$mInternational journal of polymeric materials (Online)$nInternational journal of polymeric materials and polymeric biomaterials (Print)
=MNI  \\$a0091-4037
=SID  \\$aZ39$bOCLC
=TCO  \\$aCLA$bCLA$c008
=TCO  \\$aCHE$bPRO LITTERIS$c008
=TOC  \\$aETOC
=ACF  \\$aPrevious copyright fee: GBP21.00$c2\0$e01-jan-2010$fGBP21.00$g0$hP$5Uk
=ACF  \\$aPrevious copyright fee: GBP20.00$c2\0$e01-jan-2009$fGBP20.00$g0$hP$5Uk
=ACF  \\$aPrevious copyright fee: GBP19.00$c2\0$e01-apr-2008$fGBP19.00$g0$hP$5Uk
=ACF  \\$aPrevious copyright fee: GBP20.00$c2\0$e01-jan-2007$fGBP20.00$g0$hP$5Uk
=ACF  \\$aPrevious copyright fee: GBP18.00$c2\0$e01-jan-2006$fGBP18.00$g0$hP$5Uk
=ACF  \\$aPrevious copyright fee: GBP25.00$c2\0$e01-jan-2011$fGBP25.00$g0$hP$5Uk
=ACF  \\$aPrevious copyright fee: GBP27.00$c2\0$e01-jan-2012$fGBP27.00$g0$hP$5Uk
=ACF  \\$aPrevious copyright fee: GBP27.50$c2\0$e01-jan-2013$fGBP27.50$g0$hP$5Uk
=ACF  \\$aPrevious copyright fee: GBP28.00$c2\0$e01-jan-2014$fGBP28.00$g0$hP$5Uk
=ACF  \\$aPrevious copyright fee: GBP30.00$c2\0$e01-jan-2015$fGBP30.00$g0$hP$5Uk
=ACF  \\$aPrevious copyright fee: GBP34.00$c2\0$e01-jan-2016$fGBP34.00$g0$hP$5Uk
=ACF  \\$aPrevious copyright fee: GBP31.00$c2\0$e01-apr-2016$fGBP31.00$g0$hP$5Uk
=ACF  \\$aPrevious copyright fee: GBP33.00$c2\0$e01-jan-2017$fGBP33.00$g0$hP$5Uk
=ACF  \\$aPrevious copyright fee: GBP35.00$c2\0$e01-jan-2018$fGBP35.00$g0$hP$5Uk
=ACF  \\$aPrevious copyright fee: GBP37.00$c2\0$e01-jan-2019$fGBP37.00$g0$hP$5Uk
=ACF  \\$aPrevious copyright fee: GBP39.00$c2\0$e01-jan-2020$fGBP39.00$g0$hP$5Uk
=LAS  \\$aIPL-CLA$b00$c20221231$lBLL01$h1446

