=LDR  04925cas a2201141 a 4500
=001  013356598
=003  Uk
=005  20221020142033.0
=006  m\\\\\o\\u\\\\\\\\
=007  cr\cnu||||||||
=008  971201c19859999nyumx1pso\\\\\0\\\a0eng\d
=FMT  \\$a  SE
=010  \\$asn 97001387$z00238341
=015  \\$aGBB350722$2bnb
=022  0\$a1097-0061$l0749-503X$y0749-503X$21
=037  \\$aISSN_0749503X$bPortico$nWiley
=040  \\$aNSD$cNSD$dOCLCQ$dIUL$dOCLCQ$dEEM$dOCL$dUk
=042  \\$ansdp$aukblsr
=050  14$aQR151$b.Y32
=082  10$a547$222
=130  0\$aYeast (Chichester, England : Online)
=210  0\$aYeast$b(Chichester Engl., Online)
=222  \0$aYeast$b(Chichester, England. Online)
=245  10$aYeast$h[electronic resource].
=260  \\$aNew York, NY :$bJohn Wiley & Sons
=310  \\$a16 no. a year,$b1995-
=321  \\$a2 no. a year,$b1985
=321  \\$a4 no. a year,$b1986-1988
=321  \\$aBimonthly,$b1989-1990
=321  \\$a9 no. a year,$b1991
=321  \\$aMonthly,$b1992-1994
=336  \\$atext$2rdacontent
=337  \\$acomputer$2rdamedia
=338  \\$aonline resource$2rdacarrier
=362  1\$aPrint began with v. 1, no. 1 (Sept. 1985).
=500  \\$aDescription based on: Vol. 13, issue 1 (1997); title from table of contents (viewed Dec. 8, 2000).
=500  \\$aLatest issue consulted: Vol. 22, issue 6 (30 Apr. 2005) (publisher's Web site, viewed Apr. 24, 2005).
=520  \\$aFocuses on research on all aspects of Saccharomyces and other yeast genera. The topics covered include: genetics; genomics; molecular biology; cell and developmental biology; biochemistry; physiology; pathobiology; biotechnology; ecology; taxonomy; and evolution.
=520  2\$aAbstracts and full-text (PDF only), 1997- ; abstracts only, 1996.
=525  \\$aHas occasional supplements.
=530  \\$aAlso issued in print.
=538  \\$aMode of access: World Wide Web.
=580  \\$aVol. 17 published in 4 issues (Apr.-Dec. 2000) as "an affiliated section of Yeast" with title: Comparative and functional genomics.
=540  \\$aCurrent Copyright Fee: GBP39.00$c35\0$5Uk
=650  \0$aYeast$vPeriodicals.
=650  \2$aYeasts$vPeriodicals.
=650  \2$aYeasts$xgenetics$vPeriodicals.
=655  \0$aElectronic journals.
=730  0\$aComparative and functional genomics (Online)
=776  1\$tYeast (Chichester, England)$x0749-503X
=785  11$tComparative and functional genomics (Online)$x1532-6268
=859  \\$aELD$bejournal
=856  \\$31850-9999$uhttp://onlinelibrary.wiley.com/$xBLDSS
=852  41$aBritish Library$bSTI$jELD Digital store$3Volume 30:Issue 1(2013:Jan.)-***Previous issues available in print copy
=852  41$aBritish Library$bDSC$j9417.976000$3Volume 23:Issue 1(2006)-Volume 31:Issue 12(2014)***See ESTAR for full holdings.
=945  \\$aYEAST -CHICHESTER-
=959  \\$fHeld but not currently received
=979  \\$aBritish Library$bDSC$j9417.976000
=CAT  \\$a11281$b40$c20051208$lBLL01$h1522
=CAT  \\$a11281$b40$c20051208$lBLL01$h1524
=CAT  \\$aBATCH-UPD$b40$c20060901$lBLL01$h0959
=CAT  \\$aBATCH-UPD$b40$c20060901$lBLL01$h1031
=CAT  \\$aBATCH$b00$c20081124$lBLL01$h1132
=CAT  \\$aBATCH-UPD$b00$c20101116$lBLL01$h1335
=CAT  \\$aIPL-CLA$c20101231$lBLL01$h1517
=CAT  \\$aWR12_168$c20121206$lBLL01$h1816
=CAT  \\$a8874$b40$c20130523$lBLL01$h1143
=CAT  \\$aWR13.114$c20130717$lBLL01$h1313
=CAT  \\$aBATCH-PORT$c20130829$lBLL01$h1114
=CAT  \\$aWR14_009$c20140204$lBLL01$h2342
=CAT  \\$aBLDSS-3PM$b00$c20141214$lBLL01$h1523
=CAT  \\$aBATCH-UPD$b00$c20150215$lBLL01$h1657
=CAT  \\$aIPL-CLA$c20150228$lBLL01$h2050
=CAT  \\$aCDS15-UPD$b40$c20150918$lBLL01$h1640
=CAT  \\$aBATCH-UPD$b40$c20160519$lBLL01$h1837
=CAT  \\$aW1711-1005$c20171206$lBLL01$h1818
=CAT  \\$aBATCH-UPD$b00$c20180219$lBLL01$h1748
=CAT  \\$aBATCH-UPD$b00$c20181121$lBLL01$h1622
=CAT  \\$aIPL-CLA$c20181231$lBLL01$h1543
=CAT  \\$aR1911-0245$c20191127$lBLL01$h0945
=CAT  \\$aR1911-0245$c20191127$lBLL01$h1045
=CAT  \\$aIPL-CLA$c20191231$lBLL01$h1937
=CAT  \\$a5410$b40$c20200124$lBLL01$h0856
=CAT  \\$a5410$b40$c20221020$lBLL01$h1420
=CFI  0\$aCurrent Copyright Fee: GBP39.00$c35\0$e01-jan-2020$fGBP39.00$g0$hP$5Uk
=CFI  2\$aPrevious copyright fee: GBP28.00$c35\0$e01-jan-2019$fGBP28.00$g0$hP$5Uk
=EST  \\$a1
=FFP  \\$aY$bBLDSS-3PM
=FIN  \\$aY$d20051208
=MNI  \\$a0749-503X
=SID  \\$aZ39$bOCLC
=TCO  \\$aTRS$bCCC$c008
=TOC  \\$aETOC
=UNO  \\$aY
=ACF  \\$aPrevious Copyright Fee: GBP17.00$c35\0$e01-apr-2005$fGBP17.00$g0$hP$5Uk
=ACF  \\$aPrevious copyright fee: GBP22.00$c35\0$e01-jan-2011$fGBP22.00$g0$hP$5Uk
=ACF  \\$aPrevious copyright fee: GBP24.00$c35\0$e01-mar-2015$fGBP24.00$g0$hP$5Uk
=LAS  \\$a5410$b40$c20221020$lBLL01$h1420

