=LDR  05672cas a2201225 i 4500
=001  013356803
=003  Uk
=005  20221231144657.0
=006  m\\\\\\\\d\\\\\\\\
=007  cr\|||||||||||
=008  041110c20029999enkqr\pss\\\\\0\\\a0eng\c
=FMT  \\$a  SE
=010  \\$a2004262352
=015  \\$aGBA604905$2bnb
=022  \\$a1740-1666$y1479-7585
=037  \\$aISSN_14797585$bPortico$nTaylor & Francis
=040  \\$aCGU$cCGU$dOCL$dUk
=042  \\$aukblsr
=082  04$a306$222
=130  0\$aJournal for cultural research (Online)
=222  \0$aJournal for cultural research$b(Online)
=245  10$aJournal for cultural research$h[electronic resource].
=260  \\$aAbingdon :$b[Carfax],$c[2003]-
=260  3\$a[London] :$bRoutledge, part of the Taylor & Francis Group
=310  \\$aQuarterly
=336  \\$atext$2rdacontent
=337  \\$acomputer$2rdamedia
=338  \\$aonline resource$2rdacarrier
=362  0\$aPrint began with: Vol. 7, issue 1 (Jan. 2003).
=500  \\$aDescription based on: Vol. 7, no. 1 (Jan. 2003); title from table of contents page, (MetaPress website, viewed on Nov. 9, 2004).
=588  \\$aLatest issue consulted: Volume 19, issue 4 (2015) (Taylor & Francis Online, viewed February 3, 2016).
=530  \\$aAlso issued in print.
=538  \\$aMode of access: World Wide Web.
=550  \\$aPrint version issued by the Institute for Cultural Research at Lancaster University.
=580  \\$aIncludes issues of previous title: Cultural values.
=540  \\$aCurrent copyright fee: GBP37.00$c2\0$5Uk
=650  \0$aEthics$vPeriodicals.
=650  \0$aValues$vPeriodicals.
=650  \0$aCulture$vPeriodicals.
=650  \0$aIntellectual life$vPeriodicals.
=690  7\$aSocial Welfare$2blcoll
=710  2\$aUniversity of Lancaster.$bInstitute for Cultural Research.
=776  1\$tJournal for cultural research$x1479-7585
=780  10$tCultural values (Online)$x1467-8713
=859  \\$aELD$bejournal
=856  \\$31850-9999$uhttp://www.tandfonline.com/$xBLDSS
=852  41$aBritish Library$bHMNTS$jELD Digital store$3Volume 20:Issue 1(2016)-***Transferred from print***Previous issues available i print copy
=852  41$aBritish Library$bDSC$j4965.847300$3Volume 10:Issue 1(2006)-Volume 15:Issue 4(2011)***See ESTAR for full holdings.
=945  \\$aJOURNAL FOR CULTURAL RESEARCH.
=959  \\$fHeld but not currently received
=985  \\$aISSN responsibility transferred from ISSN UK Centre to U.S. ISSN Center Taylor & Francis, Multinational Publisher List, Summer 2016
=CAT  \\$a11281$b40$c20051209$lBLL01$h0816
=CAT  \\$aBATCH-UPD$b00$c20131119$lBLL01$h2000
=CAT  \\$aIPL-CLA$c20131231$lBLL01$h2357
=CAT  \\$aBATCH-UPD$b00$c20141124$lBLL01$h1803
=CAT  \\$aBLDSS-3PM$b00$c20141130$lBLL01$h1248
=CAT  \\$aIPL-CLA$c20141231$lBLL01$h1653
=CAT  \\$aBATCH-UPD$b00$c20151119$lBLL01$h1543
=CAT  \\$aIPL-CLA$c20151231$lBLL01$h1923
=CAT  \\$a14448$b40$c20160126$lBLL01$h0948
=CAT  \\$a8124$b40$c20160203$lBLL01$h1213
=CAT  \\$aBATCH-UPD$b40$c20160520$lBLL01$h1128
=CAT  \\$aW1607-0553$c20160818$lBLL01$h0910
=CAT  \\$aW1607-0553$c20160818$lBLL01$h0915
=CAT  \\$aBATCH-UPD$b00$c20161122$lBLL01$h1512
=CAT  \\$aIPL-CLA$c20161230$lBLL01$h2149
=CAT  \\$aBATCH-UPD$b00$c20171121$lBLL01$h1647
=CAT  \\$aW1711-1005$c20171206$lBLL01$h1818
=CAT  \\$aIPL-CLA$c20171231$lBLL01$h1649
=CAT  \\$aBATCH-UPD$b00$c20181217$lBLL01$h1638
=CAT  \\$aIPL-CLA$c20181231$lBLL01$h1543
=CAT  \\$aBATCH-UPD$b00$c20191122$lBLL01$h1900
=CAT  \\$aIPL-CLA$c20191231$lBLL01$h1937
=CAT  \\$aBATCH-UPD$b00$c20201118$lBLL01$h1334
=CAT  \\$aIPL-CLA$c20201231$lBLL01$h1529
=CAT  \\$aBATCH-UPD$b00$c20221121$lBLL01$h1347
=CAT  \\$aIPL-CLA$c20221231$lBLL01$h1446
=CFI  0\$aCurrent copyright fee: GBP37.00$c2\0$e01-jan-2023$fGBP37.00$g0$hP$5Uk
=CFI  2\$aPrevious copyright fee: GBP35.00$c2\0$e01-jan-2021$fGBP35.00$g0$hP$5Uk
=EST  \\$a1
=FFP  \\$aY$bBLDSS-3PM
=FIN  \\$aY$d20051209
=LEO  \\$aMP22.0000070784
=LET  \0$aJournal for cultural research (Online)
=MNI  \\$a1479-7585
=SID  \\$aZ39$bOCLC
=SRC  \\$aISN01$bbibmp22.200404.2.aa
=TCO  \\$aCLA$bCLA$c008
=TOC  \\$aETOC
=ACF  \\$aPrevious copyright fee: GBP17.00$c2\0$e01-jan-2010$fGBP17.00$g0$hP$5Uk
=ACF  \\$aPrevious copyright fee: GBP16.00$c2\0$e01-jan-2009$fGBP16.00$g0$hP$5Uk
=ACF  \\$aPrevious copyright fee: GBP15.00$c2\0$e01-apr-2008$fGBP15.00$g0$hP$5Uk
=ACF  \\$aPrevious copyright fee: GBP16.00$c2\0$e01-jan-2007$fGBP16.00$g0$hP$5Uk
=ACF  \\$aPrevious copyright fee: GBP13.00$c2\0$e01-jan-2005$fGBP13.00$g0$hP$5Uk
=ACF  \\$aPrevious copyright fee: GBP21.00$c2\0$e01-jan-2011$fGBP21.00$g0$hP$5Uk
=ACF  \\$aPrevious copyright fee: GBP23.00$c2\0$e01-jan-2012$fGBP23.00$g0$hP$5Uk
=ACF  \\$aPrevious copyright fee: GBP23.50$c2\0$e01-jan-2013$fGBP23.50$g0$hP$5Uk
=ACF  \\$aPrevious copyright fee: GBP24.00$c2\0$e01-jan-2014$fGBP24.00$g0$hP$5Uk
=ACF  \\$aPrevious copyright fee: GBP25.00$c2\0$e01-jan-2015$fGBP25.00$g0$hP$5Uk
=ACF  \\$aPrevious copyright fee: GBP26.00$c2\0$e01-jan-2016$fGBP26.00$g0$hP$5Uk
=ACF  \\$aPrevious copyright fee: GBP28.00$c2\0$e01-jan-2017$fGBP28.00$g0$hP$5Uk
=ACF  \\$aPrevious copyright fee: GBP30.00$c2\0$e01-jan-2018$fGBP30.00$g0$hP$5Uk
=ACF  \\$aPrevious copyright fee: GBP32.00$c2\0$e01-jan-2019$fGBP32.00$g0$hP$5Uk
=ACF  \\$aPrevious copyright fee: GBP34.00$c2\0$e01-jan-2020$fGBP34.00$g0$hP$5Uk
=LAS  \\$aIPL-CLA$b00$c20221231$lBLL01$h1446

