=LDR  05117cas a2201141 a 4500
=001  013357218
=003  Uk
=005  20230930080759.0
=006  m\\\\\\\\d\\\\\\\\
=007  cr\mnu||||||||
=008  980609c19969999enkqr\p\s\\\\\0\\\a0eng\d
=FMT  \\$a  SE
=015  \\$aGBB348274$2bnb
=022  \\$a1651-2022$y1401-5439
=037  \\$aISSN_14015439_98$bPortico$nInforma Healthcare
=037  3\$aISSN_14015439$bPortico$nTaylor & Francis
=040  \\$aF#A$cF#A$dOCL$dOCLCQ$dCOU$dOCL$dUk
=042  \\$aukblsr
=082  04$a616.855$222
=130  0\$aLogopedics, phoniatrics, vocology (Online)
=222  \0$aLogopedics, phoniatrics, vocology$b(Online)
=245  10$aLogopedics, phoniatrics, vocology$h[electronic resource].
=260  \\$a[Oslo] :$bScandinavian University Press
=260  2\$aStockholm :$bTaylor & Francis
=260  3\$a[London] :$bInforma Healthcare
=310  \\$aQuarterly
=336  \\$atext$2rdacontent
=337  \\$acomputer$2rdamedia
=338  \\$aonline resource$2rdacarrier
=362  1\$aPrint began with vol. 21, no. 1 (1996).
=588  \\$aDescription based on: Vol. 23, no. 1 (1998); title from journal information screen (viewed June 1, 1998).
=588  \\$aLatest issue consulted: Vol. 35, no. 4 (Dec. 2010) (Informa Healthcare, viewed Feb. 16, 2011).
=530  \\$aAlso issued in print.
=538  \\$aMode of access: World Wide Web.
=550  \\$aOfficial journal of the Scandinavian Cooperation Council of Logopedics and Phoniatrics and of the British Voice Association.
=530  \\$aOnline version of the print publication.
=540  \\$aCurrent copyright fee: GBP46.00$c2\0$5Uk
=650  \0$aLanguage disorders$vPeriodicals.
=650  \0$aSpeech disorders$vPeriodicals.
=650  \0$aVocal cords$vPeriodicals.
=650  \0$aVoice$vPeriodicals.
=710  2\$aNordisk samarbejdsråd for logopedi og foniatri.
=710  2\$aBritish Voice Association.
=770  0\$tLogopedics, phoniatrics, vocology. Supplement$c(Online)$x1651-2588
=776  1\$tLogopedics, phoniatrics, vocology$x1401-5439
=859  \\$aELD$bejournal
=856  \\$31850-9999$uhttp://informahealthcare.com$xBLDSS
=852  41$aBritish Library$bHMNTS$jELD Digital store$3Volume 38:Number 1(2013)-
=852  41$aBritish Library$bDSC$j5292.364000$3Volume 31:Issue 1(2006)-Volume 36:Issue 4(2011)***See ESTAR for full holdings.
=945  \\$aLOGOPEDICS PHONIATRICS VOCOLOGY
=959  \\$fHeld but not currently received
=CAT  \\$a7332$b40$c20051209$lBLL01$h1352
=CAT  \\$aWR14_009$c20140204$lBLL01$h2347
=CAT  \\$aBLDSS-3PM$b00$c20141121$lBLL01$h1802
=CAT  \\$a5552$b40$c20150209$lBLL01$h1536
=CAT  \\$aIPL-CLA$c20150331$lBLL01$h1642
=CAT  \\$aBATCH-UPD$b00$c20151119$lBLL01$h1559
=CAT  \\$a14448$b40$c20151205$lBLL01$h0837
=CAT  \\$aIPL-CLA$c20151231$lBLL01$h1923
=CAT  \\$a14448$b40$c20160204$lBLL01$h1049
=CAT  \\$a14448$b40$c20160205$lBLL01$h1000
=CAT  \\$a11433$b40$c20160418$lBLL01$h1212
=CAT  \\$aBATCH-UPD$b40$c20160524$lBLL01$h2148
=CAT  \\$aBATCH-UPD$b40$c20160524$lBLL01$h2158
=CAT  \\$aBATCH-UPD$b40$c20161122$lBLL01$h1538
=CAT  \\$aIPL-CLA$c20161230$lBLL01$h2149
=CAT  \\$aBATCH-UPD$b00$c20171121$lBLL01$h1718
=CAT  \\$aW1711-1005$c20171206$lBLL01$h1818
=CAT  \\$aIPL-CLA$c20171231$lBLL01$h1649
=CAT  \\$aBATCH-UPD$b00$c20181217$lBLL01$h1705
=CAT  \\$aIPL-CLA$c20181231$lBLL01$h1543
=CAT  \\$aBATCH-UPD$b00$c20210126$lBLL01$h1323
=CAT  \\$aIPL-CLA$c20210126$lBLL01$h1447
=CAT  \\$aBATCH-UPD$b00$c20221121$lBLL01$h1423
=CAT  \\$aIPL-CLA$c20221231$lBLL01$h1446
=CAT  \\$aR2308-1440$c20230824$lBLL01$h0928
=CAT  \\$aIPL-CLA$c20230930$lBLL01$h0807
=CFI  0\$aCurrent copyright fee: GBP46.00$c2\0$e01-oct-2023$fGBP46.00$g0$hP$5Uk
=CFI  2\$aPrevious copyright fee: GBP46.00$c45\0$e01-jan-2023$fGBP46.00$g0$hP$5Uk
=EST  \\$a1
=FFP  \\$aY$bBLDSS-3PM
=FIN  \\$aY$d20051209
=MNI  \\$a1401-5439
=SID  \\$aZ39$bOCLC
=TCO  \\$aCLA$bCLA$c008
=TOC  \\$aETOC
=ACF  \\$aPrevious copyright fee: GBP15.00$c15\0$e01-apr-2008$fGBP15.00$g0$hP$5Uk
=ACF  \\$aPrevious copyright fee: GBP16.00$c15\0$e01-jan-2007$fGBP16.00$g0$hP$5Uk
=ACF  \\$aPrevious copyright fee: GBP13.00$c15\0$e01-jan-2005$fGBP13.00$g0$hP$5Uk
=ACF  \\$aCurrent copyright fee: GBP16.00$c15\0$e01-jan-2009$fGBP16.00$g0$hP$5Uk
=ACF  \\$aPrevious copyright fee: GBP57.00$c45\0$e10-nov-2009$fGBP57.00$g0$hP$5Uk
=ACF  \\$aPrevious copyright fee: GBP33.00$c45\0$e01-apr-2015$fGBP33.00$g0$hP$5Uk
=ACF  \\$aPrevious copyright fee: GBP34.00$c45\0$e01-jan-2016$fGBP34.00$g0$hP$5Uk
=ACF  \\$aPrevious copyright fee: GBP36.00$c45\0$e01-jan-2017$fGBP36.00$g0$hP$5Uk
=ACF  \\$aPrevious copyright fee: GBP38.00$c45\0$e01-jan-2018$fGBP38.00$g0$hP$5Uk
=ACF  \\$aPrevious copyright fee: GBP40.00$c45\0$e01-jan-2019$fGBP40.00$g0$hP$5Uk
=ACF  \\$aPrevious copyright fee: GBP44.00$c45\0$e26-jan-2021$fGBP44.00$g0$hP$5Uk
=LAS  \\$aIPL-CLA$b00$c20230930$lBLL01$h0807

