=LDR  05355cas a2201141 i 4500
=001  013357501
=003  Uk
=005  20230930080802.0
=006  m\\\\\\\\d\\\\\\\\
=007  cr|mnu||||||||
=008  990729c19949999enkqr\p\o\\\\\0\\\a0eng\d
=FMT  \\$a  SE
=015  \\$aGBA605088$2bnb
=022  0\$a1465-329X$y0969-594X
=037  \\$aISSN_0969594X$bPortico$nTaylor & Francis
=040  \\$aF#A$cF#A$dOCLCQ$dCGU$dMUQ$dUk
=042  \\$aukblsr
=082  04$a371.26$222
=130  0\$aAssessment in education (Online)
=210  0\$aAssess. educ.$b(Online)
=222  \0$aAssessment in education$b(Online)
=245  10$aAssessment in education$h[electronic resource] :$bprinciples, policy & practice.
=260  \\$a[Abingdon] :$bCarfax International Publishers
=264  31$a[Abingdon] :$bRoutledge, Taylor & Francis Group
=310  \\$aQuarterly,$b2010-
=321  \\$aThree no. a year,$b1994-2009
=336  \\$atext$2rdacontent
=337  \\$acomputer$2rdamedia
=338  \\$aonline resource$2rdacarrier
=362  1\$aPrint began with vol. 1, no. 1, published in 1994.
=588  \\$aDescription based on: Vol. 6, no. 1 (Mar. 1999); title from journal information screen (viewed June 21, 1999).
=588  \\$aLatest issue consulted: volume 22, number 4 (2015) (Taylor & Francis Online, viewed January 11, 2016).
=540  \\$aCurrent copyright fee: GBP37.00$c2\0$5Uk
=650  \0$aEducational tests and measurements$vPeriodicals.
=650  \0$aEducation$xEvaluation$vPeriodicals.
=776  08$iAlso issued in print as:$tAssessment in education$x0969-594X
=856  \\$31850-9999$uhttp://www.tandfonline.com/$xBLDSS
=859  \\$aELD$bejournal
=852  41$aBritish Library$bHMNTS$jELD Digital store$3Volume 23:Issue 1(2016)-***Previous issues available in print copy
=852  41$aBritish Library$bDSC$j1746.637550$3Volume 13:Issue 1(2006)-Volume 18:Issue 4(2011)***See ESTAR for full holdings.
=945  \\$aASSESSMENT IN EDUCATION
=959  \\$fHeld but not currently received
=985  \\$aISSN responsibility transferred from ISSN UK Centre to U.S. ISSN Center Taylor & Francis, Multinational Publisher List, Summer 2016
=CAT  \\$a6550$b40$c20051210$lBLL01$h1009
=CAT  \\$aIPL-CLA$c20141231$lBLL01$h1653
=CAT  \\$a5110$b40$c20150526$lBLL01$h1118
=CAT  \\$aBATCH-UPD$b40$c20151119$lBLL01$h1521
=CAT  \\$a8464$b40$c20151209$lBLL01$h0853
=CAT  \\$aIPL-CLA$c20151231$lBLL01$h1923
=CAT  \\$a8323$b40$c20160111$lBLL01$h1025
=CAT  \\$a8037$b40$c20160122$lBLL01$h1048
=CAT  \\$aBATCH-UPD$b40$c20160606$lBLL01$h0722
=CAT  \\$aW1607-0553$c20160818$lBLL01$h0910
=CAT  \\$aW1607-0553$c20160818$lBLL01$h0915
=CAT  \\$aBATCH-UPD$b00$c20161122$lBLL01$h1443
=CAT  \\$aIPL-CLA$c20161230$lBLL01$h2149
=CAT  \\$aBATCH-UPD$b00$c20171121$lBLL01$h1623
=CAT  \\$aW1711-1005$c20171206$lBLL01$h1818
=CAT  \\$aIPL-CLA$c20171231$lBLL01$h1649
=CAT  \\$aBATCH-UPD$b00$c20181217$lBLL01$h1629
=CAT  \\$aIPL-CLA$c20181231$lBLL01$h1543
=CAT  \\$aBATCH-UPD$b00$c20191122$lBLL01$h1842
=CAT  \\$aIPL-CLA$c20191231$lBLL01$h1937
=CAT  \\$aBATCH-UPD$b00$c20201118$lBLL01$h1324
=CAT  \\$aIPL-CLA$c20201231$lBLL01$h1529
=CAT  \\$aBATCH-UPD$b00$c20221121$lBLL01$h1319
=CAT  \\$aIPL-CLA$c20221231$lBLL01$h1446
=CAT  \\$aR2308-1440$c20230824$lBLL01$h0928
=CAT  \\$aIPL-CLA$c20230930$lBLL01$h0808
=CFI  0\$aCurrent copyright fee: GBP37.00$c2\0$e01-oct-2023$fGBP37.00$g0$hP$5Uk
=CFI  2\$aPrevious copyright fee: GBP37.00$c1\0$e01-jan-2023$fGBP37.00$g0$hP$5Uk
=EST  \\$a1
=FFP  \\$aY$bBLDSS-3PM
=FIN  \\$aY$d20051210
=LEO  \\$aMP22.0000060149
=LET  \0$aAssessment in education (Electronic)
=MNI  \\$a0969-594X
=SID  \\$aZ39$bOCLC
=SRC  \\$aISN01$bbibmp22.200404.2.aa
=TCO  \\$aCLA$bCLA$c008
=TOC  \\$aETOC
=ACF  \\$aPrevious copyright fee: GBP17.00$c1\0$e01-jan-2010$fGBP17.00$g0$hP$5Uk
=ACF  \\$aPrevious copyright fee: GBP16.00$c1\0$e01-jan-2009$fGBP16.00$g0$hP$5Uk
=ACF  \\$aPrevious copyright fee: GBP15.00$c1\0$e01-apr-2008$fGBP15.00$g0$hP$5Uk
=ACF  \\$aPrevious copyright fee: GBP16.00$c1\0$e01-jan-2007$fGBP16.00$g0$hP$5Uk
=ACF  \\$aPrevious copyright fee: GBP13.00$c1\0$e01-jan-2005$fGBP13.00$g0$hP$5Uk
=ACF  \\$aPrevious copyright fee: GBP21.00$c1\0$e01-jan-2011$fGBP21.00$g0$hP$5Uk
=ACF  \\$aPrevious copyright fee: GBP23.00$c1\0$e01-jan-2012$fGBP23.00$g0$hP$5Uk
=ACF  \\$aPrevious copyright fee: GBP23.50$c1\0$e01-jan-2013$fGBP23.50$g0$hP$5Uk
=ACF  \\$aPrevious copyright fee: GBP24.00$c1\0$e01-jan-2014$fGBP24.00$g0$hP$5Uk
=ACF  \\$aPrevious copyright fee: GBP25.00$c1\0$e01-jan-2015$fGBP25.00$g0$hP$5Uk
=ACF  \\$aPrevious copyright fee: GBP26.00$c1\0$e01-jan-2016$fGBP26.00$g0$hP$5Uk
=ACF  \\$aPrevious copyright fee: GBP28.00$c1\0$e01-jan-2017$fGBP28.00$g0$hP$5Uk
=ACF  \\$aPrevious copyright fee: GBP30.00$c1\0$e01-jan-2018$fGBP30.00$g0$hP$5Uk
=ACF  \\$aPrevious copyright fee: GBP32.00$c1\0$e01-jan-2019$fGBP32.00$g0$hP$5Uk
=ACF  \\$aPrevious copyright fee: GBP34.00$c1\0$e01-jan-2020$fGBP34.00$g0$hP$5Uk
=ACF  \\$aPrevious copyright fee: GBP35.00$c1\0$e01-jan-2021$fGBP35.00$g0$hP$5Uk
=LAS  \\$aIPL-CLA$b00$c20230930$lBLL01$h0808

