=LDR  04981cas a2201117 a 4500
=001  013357613
=003  Uk
=005  20221231144702.0
=006  m\\\\\\\\d\\\\\\\\
=007  cr\|||||||||||
=008  031125c19799999paubr\pss\\\\\0\\\a0eng\c
=FMT  \\$a  SE
=010  \\$a2003215742
=015  \\$aGBB605059$2bnb
=022  0\$a1547-6545$y0191-9512
=037  \\$aISSN_01919512$bPortico$nTaylor & Francis
=040  \\$aNSD$cNSD$dOCL$dOCLCQ$dTXA$dOCLCS$dUk
=042  \\$aukblsr$ansdp
=050  10$aISSN RECORD
=050  14$aQ181.01$bO97
=082  10$a665.89$223
=130  0\$aOzone: science and engineering (Online)
=222  \0$aOzone:science and engineering$b(Online)
=245  10$aOzone: science and engineering$h[electronic resource].
=260  \\$aPhiladelphia, PA :$bTaylor and Francis
=310  \\$aBimonthly
=336  \\$atext$2rdacontent
=337  \\$acomputer$2rdamedia
=338  \\$aonline resource$2rdacarrier
=362  1\$aPrint began with vol. 1, published in 1979.
=500  \\$aDescription based on: Vol. 24 issue 1 (Feb. 2002); title from issue table of contents (EbscoHost, viewed on Mar. 1, 2005).
=588  \\$aLatest issue consulted: volume 37, issue 6 (2015) (Taylor & Francis Online, viewed January 7, 2016).
=530  \\$aAlso issued in print.
=538  \\$aMode of access: World Wide Web.
=540  \\$aCurrent copyright fee: GBP43.00$c2\0$5Uk
=650  \0$aOzone$vPeriodicals.
=776  1\$tOzone$x0191-9512
=856  \\$31850-9999$uhttp://www.tandfonline.com/$xBLDSS
=859  \\$aELD$bejournal
=852  41$aBritish Library$bHMNTS$jELD Digital store$3Volume 38:Number 1(2016)-
=852  41$aBritish Library$bDSC$j6321.950000$3Volume 28:Issue 1(2006)-Volume 33:Issue 6(2011)***See ESTAR for full holdings.
=945  \\$aOzone science and engineering
=959  \\$fHeld but not currently received
=979  \\$aBritish Library$bDSC$j6321.950000
=CAT  \\$a11281$b40$c20051211$lBLL01$h1125
=CAT  \\$aBLDSS-3PM$b00$c20141130$lBLL01$h1249
=CAT  \\$aIPL-CLA$c20141231$lBLL01$h1653
=CAT  \\$aBATCH-UPD$b00$c20151119$lBLL01$h1534
=CAT  \\$a14412$b40$c20151230$lBLL01$h1211
=CAT  \\$aIPL-CLA$c20151231$lBLL01$h1923
=CAT  \\$a10806$b40$c20160107$lBLL01$h1325
=CAT  \\$a14412$b40$c20160201$lBLL01$h1048
=CAT  \\$a5552$b40$c20160303$lBLL01$h1342
=CAT  \\$aIPL-CLA$c20160331$lBLL01$h1731
=CAT  \\$aBATCH-UPD$b00$c20160725$lBLL01$h1203
=CAT  \\$aBATCH-UPD$b00$c20161122$lBLL01$h1505
=CAT  \\$aIPL-CLA$c20161230$lBLL01$h2150
=CAT  \\$aBATCH-UPD$b00$c20171121$lBLL01$h1655
=CAT  \\$aW1711-1005$c20171206$lBLL01$h1818
=CAT  \\$aIPL-CLA$c20171231$lBLL01$h1649
=CAT  \\$aBATCH-UPD$b00$c20181217$lBLL01$h1644
=CAT  \\$aIPL-CLA$c20181231$lBLL01$h1543
=CAT  \\$aBATCH-UPD$b00$c20191122$lBLL01$h1906
=CAT  \\$aIPL-CLA$c20191231$lBLL01$h1937
=CAT  \\$a5410$b40$c20200827$lBLL01$h2353
=CAT  \\$aBATCH-UPD$b40$c20201118$lBLL01$h1340
=CAT  \\$aIPL-CLA$c20201231$lBLL01$h1529
=CAT  \\$a5410$b40$c20221021$lBLL01$h0844
=CAT  \\$aBATCH-UPD$b40$c20221121$lBLL01$h1339
=CAT  \\$aIPL-CLA$c20221231$lBLL01$h1447
=CFI  0\$aCurrent copyright fee: GBP43.00$c2\0$e01-jan-2023$fGBP43.00$g0$hP$5Uk
=CFI  2\$aPrevious copyright fee: GBP41.00$c2\0$e01-jan-2021$fGBP41.00$g0$hP$5Uk
=EST  \\$a1
=FFP  \\$aY$bBLDSS-3PM
=FIN  \\$aY$d20051211
=MNI  \\$a0191-9512
=SID  \\$aZ39$bOCLC
=TCO  \\$aTRS$bCCC$c008
=TOC  \\$aETOC
=ACF  \\$aPrevious copyright fee: GBP21.00$c2\0$e01-jan-2010$fGBP21.00$g0$hP$5Uk
=ACF  \\$aPrevious copyright fee: GBP20.00$c2\0$e01-jan-2009$fGBP20.00$g0$hP$5Uk
=ACF  \\$aPrevious copyright fee: GBP19.00$c2\0$e01-apr-2008$fGBP19.00$g0$hP$5Uk
=ACF  \\$aPrevious copyright fee: GBP20.00$c2\0$e01-jan-2007$fGBP20.00$g0$hP$5Uk
=ACF  \\$aPrevious copyright fee: GBP18.00$c2\0$e01-jan-2005$fGBP18.00$g0$hP$5Uk
=ACF  \\$aPrevious copyright fee: GBP25.00$c2\0$e01-jan-2011$fGBP25.00$g0$hP$5Uk
=ACF  \\$aPrevious copyright fee: GBP27.00$c2\0$e01-jan-2012$fGBP27.00$g0$hP$5Uk
=ACF  \\$aPrevious copyright fee: GBP27.50$c2\0$e01-jan-2013$fGBP27.50$g0$hP$5Uk
=ACF  \\$aPrevious copyright fee: GBP28.00$c2\0$e01-jan-2014$fGBP28.00$g0$hP$5Uk
=ACF  \\$aPrevious copyright fee: GBP30.00$c2\0$e01-jan-2015$fGBP30.00$g0$hP$5Uk
=ACF  \\$aPrevious copyright fee: GBP34.00$c2\0$e01-jan-2016$fGBP34.00$g0$hP$5Uk
=ACF  \\$aPrevious copyright fee: GBP31.00$c2\0$e01-apr-2016$fGBP31.00$g0$hP$5Uk
=ACF  \\$aPrevious copyright fee: GBP33.00$c2\0$e01-jan-2017$fGBP33.00$g0$hP$5Uk
=ACF  \\$aPrevious copyright fee: GBP35.00$c2\0$e01-jan-2018$fGBP35.00$g0$hP$5Uk
=ACF  \\$aPrevious copyright fee: GBP37.00$c2\0$e01-jan-2019$fGBP37.00$g0$hP$5Uk
=ACF  \\$aPrevious copyright fee: GBP39.00$c2\0$e01-jan-2020$fGBP39.00$g0$hP$5Uk
=LAS  \\$aIPL-CLA$b00$c20221231$lBLL01$h1447

