=LDR  05094cas a2201141 a 4500
=001  013357623
=003  Uk
=005  20230930080809.0
=006  m\\\\\\\\d\\\\\\\\
=007  cr\|||||||||||
=008  030129c19939999enkqn\pss\\\\\0\\\a0eng\d
=FMT  \\$a  SE
=015  \\$aGBA605210$2bnb
=022  0\$a1502-394X$y0803-8740
=037  \\$aISSN_08038740$bPortico$nTaylor & Francis
=040  \\$aF#A$cF#A$dOCLCQ$dUk
=042  \\$aukblsr
=082  04$a305.4$223
=130  0\$aNORA (Online)
=222  \0$aNORA$b(Online)
=245  10$aNORA$h[electronic resource] :$bNordic journal of women's studies.
=246  30$aNordic journal of women's studies
=246  1\$iIssues for <2008-> have subtitle:$aNordic journal of feminist and gender research
=260  \\$a[London] :$bTaylor & Francis
=310  \\$aFour issues yearly
=321  \\$aThree issues yearly
=336  \\$atext$2rdacontent
=337  \\$acomputer$2rdamedia
=338  \\$aonline resource$2rdacarrier
=362  1\$aPrint began with vol. 1, no. 1, published in 1993.
=500  \\$aDescription based on: Vol. 6, no. 1 (1998); title from journal information screen (viewed Jan. 28, 2003).
=588  \\$aLatest issue consulted: volume 23, issue 3 (2015) (Taylor & Francis Online, viewed December 9, 2015).
=530  \\$aAlso issued in print.
=538  \\$aMode of access: World Wide Web.
=540  \\$aCurrent copyright fee: GBP37.00$c2\0$5Uk
=650  \0$aWomen's studies$vPeriodicals.
=650  \0$aFeminism$vPeriodicals.
=690  7\$aSocial Welfare$2blcoll
=776  1\$tNORA$x0803-8740
=859  \\$aELD$bejournal
=856  \\$31850-9999$uhttp://www.tandfonline.com/$xBLDSS
=852  41$aBritish Library$bHMNTS$jELD Digital store$3Volume 24:Issue 1(2016)-
=852  41$aBritish Library$bDSC$j6117.380500$3Volume 14:Issue 1(2006)-Volume 22:Issue 4(2014)***See ESTAR for full holdings.
=945  \\$aNORA -OSLO-.
=959  \\$fHeld but not currently received
=979  \\$aBritish Library$bDSC$j6117.380500
=CAT  \\$a6537$b40$c20051211$lBLL01$h1215
=CAT  \\$aCDS15-UPD$b40$c20141130$lBLL01$h1853
=CAT  \\$aIPL-CLA$c20141231$lBLL01$h1653
=CAT  \\$aBATCH-UPD$b00$c20151119$lBLL01$h1529
=CAT  \\$a10806$b40$c20151209$lBLL01$h1401
=CAT  \\$aIPL-CLA$c20151231$lBLL01$h1923
=CAT  \\$a14448$b40$c20160107$lBLL01$h1000
=CAT  \\$a14412$b40$c20160201$lBLL01$h1128
=CAT  \\$aBATCH-UPD$b40$c20160725$lBLL01$h1841
=CAT  \\$aBATCH-UPD$b40$c20161122$lBLL01$h1455
=CAT  \\$aIPL-CLA$c20161230$lBLL01$h2150
=CAT  \\$aBATCH-UPD$b00$c20171121$lBLL01$h1633
=CAT  \\$aW1711-1005$c20171206$lBLL01$h1818
=CAT  \\$aIPL-CLA$c20171231$lBLL01$h1649
=CAT  \\$aBATCH-UPD$b00$c20181217$lBLL01$h1631
=CAT  \\$aIPL-CLA$c20181231$lBLL01$h1543
=CAT  \\$aBATCH-UPD$b00$c20191122$lBLL01$h1852
=CAT  \\$aIPL-CLA$c20191231$lBLL01$h1937
=CAT  \\$a5410$b40$c20200903$lBLL01$h1051
=CAT  \\$aBATCH-UPD$b40$c20201118$lBLL01$h1326
=CAT  \\$aIPL-CLA$c20201231$lBLL01$h1529
=CAT  \\$a5410$b40$c20221021$lBLL01$h0851
=CAT  \\$aBATCH-UPD$b40$c20221121$lBLL01$h1328
=CAT  \\$aIPL-CLA$c20221231$lBLL01$h1447
=CAT  \\$aR2308-1440$c20230824$lBLL01$h0928
=CAT  \\$aIPL-CLA$c20230930$lBLL01$h0808
=CFI  0\$aCurrent copyright fee: GBP37.00$c2\0$e01-oct-2023$fGBP37.00$g0$hP$5Uk
=CFI  2\$aPrevious copyright fee: GBP37.00$c15\0$e01-jan-2023$fGBP37.00$g0$hP$5Uk
=EST  \\$a1
=FFP  \\$aY$bBLDSS-3PM
=FIN  \\$aY$d20051211
=MNI  \\$a0803-8740
=SID  \\$aZ39$bOCLC
=TCO  \\$aCLA$bCLA$c008
=TOC  \\$aETOC
=ACF  \\$aPrevious copyright fee: GBP17.00$c15\0$e01-jan-2010$fGBP17.00$g0$hP$5Uk
=ACF  \\$aPrevious copyright fee: GBP16.00$c15\0$e01-jan-2009$fGBP16.00$g0$hP$5Uk
=ACF  \\$aPrevious copyright fee: GBP15.00$c15\0$e01-apr-2008$fGBP15.00$g0$hP$5Uk
=ACF  \\$aPrevious copyright fee: GBP16.00$c15\0$e01-jan-2007$fGBP16.00$g0$hP$5Uk
=ACF  \\$aPrevious copyright fee: GBP13.00$c15\0$e01-jan-2005$fGBP13.00$g0$hP$5Uk
=ACF  \\$aPrevious copyright fee: GBP21.00$c15\0$e01-jan-2011$fGBP21.00$g0$hP$5Uk
=ACF  \\$aPrevious copyright fee: GBP23.00$c15\0$e01-jan-2012$fGBP23.00$g0$hP$5Uk
=ACF  \\$aPrevious copyright fee: GBP23.50$c15\0$e01-jan-2013$fGBP23.50$g0$hP$5Uk
=ACF  \\$aPrevious copyright fee: GBP24.00$c15\0$e01-jan-2014$fGBP24.00$g0$hP$5Uk
=ACF  \\$aPrevious copyright fee: GBP25.00$c15\0$e01-jan-2015$fGBP25.00$g0$hP$5Uk
=ACF  \\$aPrevious copyright fee: GBP26.00$c15\0$e01-jan-2016$fGBP26.00$g0$hP$5Uk
=ACF  \\$aPrevious copyright fee: GBP28.00$c15\0$e01-jan-2017$fGBP28.00$g0$hP$5Uk
=ACF  \\$aPrevious copyright fee: GBP30.00$c15\0$e01-jan-2018$fGBP30.00$g0$hP$5Uk
=ACF  \\$aPrevious copyright fee: GBP32.00$c15\0$e01-jan-2019$fGBP32.00$g0$hP$5Uk
=ACF  \\$aPrevious copyright fee: GBP34.00$c15\0$e01-jan-2020$fGBP34.00$g0$hP$5Uk
=ACF  \\$aPrevious copyright fee: GBP35.00$c15\0$e01-jan-2021$fGBP35.00$g0$hP$5Uk
=LAS  \\$aIPL-CLA$b00$c20230930$lBLL01$h0808

