=LDR  04776cas a2201093 a 4500
=001  013357691
=003  Uk
=005  20230930080815.0
=006  m\\\\\\\\d\\\\\\\\
=007  cr\mnu||||||||
=008  030820c19839999enkqx\pss\\\\\0\\\a0eng\d
=FMT  \\$a  SE
=010  \\$a2003214504
=015  \\$aGBA605269$2bnb
=022  \\$a1563-5260$y0167-7063
=037  \\$aISSN_01677063_98$bPortico$nInforma Healthcare
=037  3\$aISSN_01677063$bPortico$nTaylor & Francis
=040  \\$aF#A$cF#A$dOCLCQ$dNSD$dOCLCQ$dUk
=042  \\$ansdp$aukblsr
=082  04$a616.80442$222
=130  0\$aJournal of neurogenetics (Online)
=210  0\$aJ. neurogenet.$b(Online)
=222  \0$aJournal of neurogenetics$b(Online)
=245  10$aJournal of neurogenetics$h[electronic resource].
=260  \\$aReading :$bHarwood Academic,$c1983-
=260  2\$aAmsterdam :$bHarwood Academic
=260  2\$a[London] :$bGordon and Breach
=260  3\$a[London] :$bInforma Healthcare
=310  \\$aFour issues yearly
=336  \\$atext$2rdacontent
=337  \\$acomputer$2rdamedia
=338  \\$aonline resource$2rdacarrier
=362  1\$aPrint began with vol. 1, no. 1 (Sept. 1983).
=588  \\$aDescription based on: Vol. 16, no. 3 (2002); title from journal information screen (viewed Aug. 19, 2003).
=588  \\$aLatest issue consulted: Vol. 24, no. S1 (Dec. 2010) (Informa Healthcare, viewed Feb. 16, 2011).
=530  \\$aAlso issued in print.
=538  \\$aMode of access: World Wide Web.
=540  \\$aCurrent copyright fee: GBP46.00$c2\0$5Uk
=650  \0$aNeurogenetics$vPeriodicals.
=776  1\$tJournal of neurogenetics$x0167-7063
=859  \\$aELD$bejournal
=856  \\$31850-9999$uhttp://informahealthcare.com$xBLDSS
=852  41$aBritish Library$bSTI$jELD Digital store$3Volume 27:Number 1/2(2013)-***Previous issues available in print copy
=852  41$aBritish Library$bDSC$j5021.545000$3Volume 20:Issue 1/2(2006)-Volume 25:Issue 4(2011)***See ESTAR for full holdings.
=945  \\$aJOURNAL OF NEUROGENETICS
=959  \\$fHeld but not currently received
=985  \\$aCONFERENCE ANALYTIC RECORDS EXIST
=CAT  \\$a8141$b40$c20051211$lBLL01$h1645
=CAT  \\$a10934$b40$c20140528$lBLL01$h1013
=CAT  \\$aBLDSS-3PM$b00$c20141121$lBLL01$h1802
=CAT  \\$a5552$b40$c20150209$lBLL01$h1451
=CAT  \\$aIPL-CLA$c20150331$lBLL01$h1642
=CAT  \\$aBATCH-UPD$b00$c20151119$lBLL01$h1559
=CAT  \\$a14448$b40$c20151205$lBLL01$h0911
=CAT  \\$aIPL-CLA$c20151231$lBLL01$h1923
=CAT  \\$a14448$b40$c20160204$lBLL01$h1044
=CAT  \\$a14448$b40$c20160205$lBLL01$h0957
=CAT  \\$a11433$b40$c20160418$lBLL01$h1118
=CAT  \\$aBATCH-UPD$b40$c20160524$lBLL01$h2148
=CAT  \\$aBATCH-UPD$b40$c20160524$lBLL01$h2158
=CAT  \\$aBATCH-UPD$b40$c20161122$lBLL01$h1538
=CAT  \\$aIPL-CLA$c20161230$lBLL01$h2150
=CAT  \\$aBATCH-UPD$b00$c20171121$lBLL01$h1718
=CAT  \\$aW1711-1005$c20171206$lBLL01$h1818
=CAT  \\$aIPL-CLA$c20171231$lBLL01$h1649
=CAT  \\$aBATCH-UPD$b00$c20181217$lBLL01$h1705
=CAT  \\$aIPL-CLA$c20181231$lBLL01$h1543
=CAT  \\$aBATCH-UPD$b00$c20210126$lBLL01$h1323
=CAT  \\$aIPL-CLA$c20210126$lBLL01$h1447
=CAT  \\$aBATCH-UPD$b00$c20221121$lBLL01$h1423
=CAT  \\$aIPL-CLA$c20221231$lBLL01$h1447
=CAT  \\$aR2308-1440$c20230824$lBLL01$h0928
=CAT  \\$aIPL-CLA$c20230930$lBLL01$h0808
=CFI  0\$aCurrent copyright fee: GBP46.00$c2\0$e01-oct-2023$fGBP46.00$g0$hP$5Uk
=CFI  2\$aPrevious copyright fee: GBP46.00$c45\0$e01-jan-2023$fGBP46.00$g0$hP$5Uk
=EST  \\$a1
=FFP  \\$aY$bBLDSS-3PM
=FIN  \\$aY$d20051211
=MNI  \\$a0167-7063
=SID  \\$aZ39$bOCLC
=TCO  \\$aCLA$bCLA$c008
=TOC  \\$aETOC
=ACF  \\$aPrevious copyright fee: GBP19.00$c2\0$e01-apr-2008$fGBP19.00$g0$hP$5Uk
=ACF  \\$aPrevious copyright fee: GBP20.00$c2\0$e01-jan-2007$fGBP20.00$g0$hP$5Uk
=ACF  \\$aPrevious copyright fee: GBP18.00$c2\0$e01-jan-2005$fGBP18.00$g0$hP$5Uk
=ACF  \\$aCurrent copyright fee: GBP20.00$c2\0$e01-jan-2009$fGBP20.00$g0$hP$5Uk
=ACF  \\$aPrevious copyright fee: GBP29.00$c45\0$e10-nov-2009$fGBP29.00$g0$hP$5Uk
=ACF  \\$aPrevious copyright fee: GBP33.00$c45\0$e01-apr-2015$fGBP33.00$g0$hP$5Uk
=ACF  \\$aPrevious copyright fee: GBP34.00$c45\0$e01-jan-2016$fGBP34.00$g0$hP$5Uk
=ACF  \\$aPrevious copyright fee: GBP36.00$c45\0$e01-jan-2017$fGBP36.00$g0$hP$5Uk
=ACF  \\$aPrevious copyright fee: GBP38.00$c45\0$e01-jan-2018$fGBP38.00$g0$hP$5Uk
=ACF  \\$aPrevious copyright fee: GBP40.00$c45\0$e01-jan-2019$fGBP40.00$g0$hP$5Uk
=ACF  \\$aPrevious copyright fee: GBP44.00$c45\0$e26-jan-2021$fGBP44.00$g0$hP$5Uk
=LAS  \\$aIPL-CLA$b00$c20230930$lBLL01$h0808

