=LDR  04932cas a2201069 a 4500
=001  013358274
=003  Uk
=005  20221231144705.0
=006  m\\\\\\\\d\\\\\\\\
=007  cr\mnu||||||||
=008  020821c19919999enkqr\p\o\\\\\0\\\a0eng\d
=FMT  \\$a  SE
=015  \\$aGBA605355$2bnb
=022  \\$a1029-0311
=037  \\$aISSN_10485252$bPortico$nTaylor & Francis
=040  \\$aF#A$cF#A$dOCLCQ$dUk
=042  \\$aukblsr
=082  04$a519.5$222
=130  0\$aJournal of nonparametric statistics (Online)
=245  10$aJournal of nonparametric statistics$h[electronic resource].
=260  \\$a[London] :$bGordon and Breach
=264  31$aAbingdon, Oxon, UK :$bTaylor & Francis
=310  \\$aQuarterly,$b2011-
=321  \\$aEight issues yearly,$b2005-2010
=321  \\$aBimonthly,$b-2004
=336  \\$atext$2rdacontent
=337  \\$acomputer$2rdamedia
=338  \\$aonline resource$2rdacarrier
=362  1\$aPrint began with vol. 1, no. 1, published in 1991.
=588  \\$aDescription based on: Vol. 14, no. 1-2 (2002); title from journal information screen (viewed Aug. 11, 2002).
=588  \\$aLatest issue consulted: volume 27, issue 2 (2015) (Taylor & Francis Online, viewed July 13, 2015).
=540  \\$aCurrent copyright fee: GBP43.00$c2\0$5Uk
=650  \0$aNonparametric statistics$vPeriodicals.
=776  08$iAlso issued in print as:$tJournal of nonparametric statistics$x1048-5252
=859  \\$aELD$bejournal
=856  \\$31850-9999$uhttp://www.tandfonline.com/$xBLDSS
=852  41$aBritish Library$bHMNTS$jELD Digital store$3Volume 28:Issue 1(2016)-***Previous issues available in print copy
=852  41$aBritish Library$bDSC$j5022.842200$3Volume 18:Issue 1(2006)-Volume 23:Issue 4(2011)***See ESTAR for full holdings.
=945  \\$aJOURNAL OF NONPARAMETRIC STATISTICS
=959  \\$fHeld but not currently received
=CAT  \\$a8141$b40$c20051212$lBLL01$h1359
=CAT  \\$aBATCH-UPD$b00$c20141124$lBLL01$h1753
=CAT  \\$aBLDSS-3PM$b00$c20141130$lBLL01$h1249
=CAT  \\$aIPL-CLA$c20141231$lBLL01$h1653
=CAT  \\$a8323$b40$c20150713$lBLL01$h1122
=CAT  \\$aBATCH-UPD$b40$c20151119$lBLL01$h1534
=CAT  \\$aIPL-CLA$c20151231$lBLL01$h1923
=CAT  \\$a8323$b40$c20160104$lBLL01$h1308
=CAT  \\$a10902$b40$c20160116$lBLL01$h0838
=CAT  \\$a10902$b40$c20160116$lBLL01$h0841
=CAT  \\$a5552$b40$c20160303$lBLL01$h0928
=CAT  \\$aIPL-CLA$c20160331$lBLL01$h1731
=CAT  \\$aBATCH-UPD$b00$c20160726$lBLL01$h0126
=CAT  \\$aBATCH-UPD$b00$c20161122$lBLL01$h1505
=CAT  \\$aIPL-CLA$c20161230$lBLL01$h2150
=CAT  \\$aBATCH-UPD$b00$c20171121$lBLL01$h1655
=CAT  \\$aW1711-1005$c20171206$lBLL01$h1818
=CAT  \\$aIPL-CLA$c20171231$lBLL01$h1649
=CAT  \\$aBATCH-UPD$b00$c20181217$lBLL01$h1644
=CAT  \\$aIPL-CLA$c20181231$lBLL01$h1543
=CAT  \\$aBATCH-UPD$b00$c20191122$lBLL01$h1906
=CAT  \\$aIPL-CLA$c20191231$lBLL01$h1937
=CAT  \\$aBATCH-UPD$b00$c20201118$lBLL01$h1340
=CAT  \\$aIPL-CLA$c20201231$lBLL01$h1529
=CAT  \\$aBATCH-UPD$b00$c20221121$lBLL01$h1339
=CAT  \\$aIPL-CLA$c20221231$lBLL01$h1447
=CFI  0\$aCurrent copyright fee: GBP43.00$c2\0$e01-jan-2023$fGBP43.00$g0$hP$5Uk
=CFI  2\$aPrevious copyright fee: GBP41.00$c2\0$e01-jan-2021$fGBP41.00$g0$hP$5Uk
=EST  \\$a1
=FFP  \\$aY$bBLDSS-3PM
=FIN  \\$aY$d20051212
=MNI  \\$a1048-5252
=SID  \\$aZ39$bOCLC
=TCO  \\$aCLA$bCLA$c008
=TOC  \\$aETOC
=ACF  \\$aPrevious copyright fee: GBP21.00$c2\0$e01-jan-2010$fGBP21.00$g0$hP$5Uk
=ACF  \\$aPrevious copyright fee: GBP20.00$c2\0$e01-jan-2009$fGBP20.00$g0$hP$5Uk
=ACF  \\$aPrevious copyright fee: GBP19.00$c2\0$e01-apr-2008$fGBP19.00$g0$hP$5Uk
=ACF  \\$aPrevious copyright fee: GBP20.00$c2\0$e01-jan-2007$fGBP20.00$g0$hP$5Uk
=ACF  \\$aPrevious copyright fee: GBP18.00$c2\0$e01-jan-2005$fGBP18.00$g0$hP$5Uk
=ACF  \\$aPrevious copyright fee: GBP25.00$c2\0$e01-jan-2011$fGBP25.00$g0$hP$5Uk
=ACF  \\$aPrevious copyright fee: GBP27.00$c2\0$e01-jan-2012$fGBP27.00$g0$hP$5Uk
=ACF  \\$aPrevious copyright fee: GBP27.50$c2\0$e01-jan-2013$fGBP27.50$g0$hP$5Uk
=ACF  \\$aPrevious copyright fee: GBP28.00$c2\0$e01-jan-2014$fGBP28.00$g0$hP$5Uk
=ACF  \\$aPrevious copyright fee: GBP30.00$c2\0$e01-jan-2015$fGBP30.00$g0$hP$5Uk
=ACF  \\$aPrevious copyright fee: GBP34.00$c2\0$e01-jan-2016$fGBP34.00$g0$hP$5Uk
=ACF  \\$aPrevious copyright fee: GBP31.00$c2\0$e01-apr-2016$fGBP31.00$g0$hP$5Uk
=ACF  \\$aPrevious copyright fee: GBP33.00$c2\0$e01-jan-2017$fGBP33.00$g0$hP$5Uk
=ACF  \\$aPrevious copyright fee: GBP35.00$c2\0$e01-jan-2018$fGBP35.00$g0$hP$5Uk
=ACF  \\$aPrevious copyright fee: GBP37.00$c2\0$e01-jan-2019$fGBP37.00$g0$hP$5Uk
=ACF  \\$aPrevious copyright fee: GBP39.00$c2\0$e01-jan-2020$fGBP39.00$g0$hP$5Uk
=LAS  \\$aIPL-CLA$b00$c20221231$lBLL01$h1447

