=LDR  05539cas a2201213 a 4500
=001  013358422
=003  Uk
=005  20221231144705.0
=006  m\\\\\\\\d\\\\\\\\
=007  cr\cnu\\\\\\\\
=008  030811c20049999paumr1pss\\\\\0\\\a0eng\c
=FMT  \\$a  SE
=010  \\$a2003215653
=022  0\$a1545-9632$y1545-9624
=037  \\$aISSN_15459624$bPortico$nTaylor & Francis
=040  \\$aNSD$cNSD$dOCLCQ$dOCL$dSBH$dMUQ$dNSD$dUk
=042  \\$ansdp$aukblsr
=050  10$aISSN RECORD
=082  04$a613.62$222
=210  0\$aJ. occup. environ. hyg.$b(Online)
=222  \0$aJournal of occupational and environmental hygiene$b(Online)
=245  10$aJournal of occupational and environmental hygiene$h[electronic resource].
=260  \\$aPhiladelphia, PA :$bTaylor and Francis, Inc.,$cc2004-
=310  \\$aMonthly
=336  \\$atext$2rdacontent
=337  \\$acomputer$2rdamedia
=338  \\$aonline resource$2rdacarrier
=362  0\$aVol. 1, no. 1 (Jan. 2004)-
=500  \\$aTitle from journal information screen (FirstSearch, viewed July 21, 2004).
=530  \\$aAlso issued in print.
=538  \\$aMode of access: World Wide Web.
=540  \\$aCurrent copyright fee: GBP43.00$c2\0$5Uk
=650  \0$aIndustrial hygiene$vPeriodicals.
=650  \0$aEnvironmental health$vPeriodicals.
=650  \0$aMedicine, Industrial$vPeriodicals.
=650  12$aOccupational Health$vPeriodicals.
=650  22$aEnvironmental Exposure$vPeriodicals.
=650  22$aEnvironmental Health$vPeriodicals.
=650  22$aOccupational Exposure$vPeriodicals.
=650  \6$aHygiène industrielle$vPériodiques.
=650  \6$aHygiène du milieu$vPériodiques.
=650  \6$aMédecine du travail$vPériodiques.
=776  1\$tJournal of occupational and environmental hygiene$x1545-9624
=780  04$tAIHA journal (Online)
=780  04$tApplied occupational and environmental hygiene (Online)$x1521-0898
=859  \\$aELD$bejournal
=856  \\$31850-9999$uhttp://www.tandfonline.com/$xBLDSS
=852  41$aBritish Library$bHMNTS$jELD Digital store$3Volume 13:Issue 1(2016)-***Previous issues available in print copy
=852  41$aBritish Library$bDSC$j5026.080500$3Volume 3:Issue 1(2006)-Volume 8:Issue 12(2011)***See ESTAR for full holdings.
=945  \\$aJOURNAL OF OCCUPATIONAL AND ENVIRONMENTAL HYGIENE.
=959  \\$fHeld but not currently received
=CAT  \\$a8141$b40$c20051212$lBLL01$h1548
=CAT  \\$aWR13.005$c20130323$lBLL01$h1335
=CAT  \\$aBATCH-UPD$b00$c20131119$lBLL01$h1952
=CAT  \\$aIPL-CLA$c20131231$lBLL01$h2358
=CAT  \\$aBATCH-UPD$b00$c20141124$lBLL01$h1753
=CAT  \\$aBLDSS-3PM$b00$c20141130$lBLL01$h1249
=CAT  \\$aIPL-CLA$c20141231$lBLL01$h1653
=CAT  \\$aBATCH-UPD$b00$c20151119$lBLL01$h1534
=CAT  \\$aIPL-CLA$c20151231$lBLL01$h1923
=CAT  \\$a10902$b40$c20160116$lBLL01$h0913
=CAT  \\$a5552$b40$c20160303$lBLL01$h0929
=CAT  \\$aIPL-CLA$c20160331$lBLL01$h1731
=CAT  \\$aBATCH-UPD$b00$c20160726$lBLL01$h1432
=CAT  \\$aBATCH-UPD$b00$c20161122$lBLL01$h1505
=CAT  \\$aIPL-CLA$c20161230$lBLL01$h2150
=CAT  \\$aBATCH-UPD$b00$c20171121$lBLL01$h1655
=CAT  \\$aW1711-1005$c20171206$lBLL01$h1818
=CAT  \\$aIPL-CLA$c20171231$lBLL01$h1650
=CAT  \\$aBATCH-UPD$b00$c20181217$lBLL01$h1644
=CAT  \\$aIPL-CLA$c20181231$lBLL01$h1543
=CAT  \\$aBATCH-UPD$b00$c20191122$lBLL01$h1906
=CAT  \\$aIPL-CLA$c20191231$lBLL01$h1937
=CAT  \\$aBATCH-UPD$b00$c20201118$lBLL01$h1340
=CAT  \\$aIPL-CLA$c20201231$lBLL01$h1529
=CAT  \\$aBATCH-UPD$b00$c20221121$lBLL01$h1339
=CAT  \\$aIPL-CLA$c20221231$lBLL01$h1447
=CFI  0\$aCurrent copyright fee: GBP43.00$c2\0$e01-jan-2023$fGBP43.00$g0$hP$5Uk
=CFI  2\$aPrevious copyright fee: GBP41.00$c2\0$e01-jan-2021$fGBP41.00$g0$hP$5Uk
=EST  \\$a1
=FFP  \\$aY$bBLDSS-3PM
=FIN  \\$aY$d20051212
=MNI  \\$a1545-9624
=SID  \\$aZ39$bOCLC
=TCO  \\$aTRS$bCCC$c008
=TOC  \\$aETOC
=ACF  \\$aPrevious copyright fee: GBP21.00$c2\0$e01-jan-2011$fGBP21.00$g0$hP$5Uk
=ACF  \\$aPrevious copyright fee: GBP17.00$c2\0$e01-jan-2010$fGBP17.00$g0$hP$5Uk
=ACF  \\$aPrevious copyright fee: GBP16.00$c2\0$e01-jan-2009$fGBP16.00$g0$hP$5Uk
=ACF  \\$aPrevious copyright fee: GBP15.00$c2\0$e01-apr-2008$fGBP15.00$g0$hP$5Uk
=ACF  \\$aPrevious copyright fee: GBP16.00$c2\0$e01-jan-2007$fGBP16.00$g0$hP$5Uk
=ACF  \\$aPrevious copyright fee: GBP13.00$c2\0$e01-jan-2005$fGBP13.00$g0$hP$5Uk
=ACF  \\$aPrevious copyright fee: GBP23.00$c2\0$e01-jan-2012$fGBP23.00$g0$hP$5Uk
=ACF  \\$aPrevious copyright fee: GBP27.00$c2\0$e25-jun-2012$fGBP27.00$g0$hP$5Uk
=ACF  \\$aPrevious copyright fee: GBP27.50$c2\0$e01-jan-2013$fGBP27.50$g0$hP$5Uk
=ACF  \\$aPrevious copyright fee: GBP28.00$c2\0$e01-jan-2014$fGBP28.00$g0$hP$5Uk
=ACF  \\$aPrevious copyright fee: GBP30.00$c2\0$e01-jan-2015$fGBP30.00$g0$hP$5Uk
=ACF  \\$aPrevious copyright fee: GBP34.00$c2\0$e01-jan-2016$fGBP34.00$g0$hP$5Uk
=ACF  \\$aPrevious copyright fee: GBP31.00$c2\0$e01-apr-2016$fGBP31.00$g0$hP$5Uk
=ACF  \\$aPrevious copyright fee: GBP33.00$c2\0$e01-jan-2017$fGBP33.00$g0$hP$5Uk
=ACF  \\$aPrevious copyright fee: GBP35.00$c2\0$e01-jan-2018$fGBP35.00$g0$hP$5Uk
=ACF  \\$aPrevious copyright fee: GBP37.00$c2\0$e01-jan-2019$fGBP37.00$g0$hP$5Uk
=ACF  \\$aPrevious copyright fee: GBP39.00$c2\0$e01-jan-2020$fGBP39.00$g0$hP$5Uk
=LAS  \\$aIPL-CLA$b00$c20221231$lBLL01$h1447

