=LDR  05417cas a2201189 a 4500
=001  013358752
=003  Uk
=005  20221231144706.0
=006  m\\\\\\\\d\\\\\\\\
=007  cr\mnu||||||||
=008  021014c19799999xxumx\p\o\\\\\0\\\a0eng\d
=FMT  \\$a  SE
=015  \\$aGBB736317$2bnb
=022  \\$a1532-4087
=037  \\$aISSN_01904167$bPortico$nTaylor & Francis
=040  \\$aTXA$cTXA$dOCLCQ$dF#A$dUk
=042  \\$aukblsr
=082  04$a575.76$222
=130  0\$aJournal of plant nutrition (Online)
=222  \0$aJournal of plant nutrition$b(Online)
=245  10$aJournal of plant nutrition$h[electronic resource].
=260  \\$aNew York, NY :$bMarcel Dekker
=264  31$a[Philadelphia] :$bTaylor & Francis
=310  \\$aTwenty issues yearly,$b2017-
=321  \\$aFourteen issues yearly,$b2010-2016
=321  \\$aFrequency varies,$b2005-2009
=321  \\$aBimonthly,$b2004
=321  \\$aMonthly,$b-2003
=321  \\$aQuarterly,$b1979-1981
=336  \\$atext$2rdacontent
=337  \\$acomputer$2rdamedia
=338  \\$aonline resource$2rdacarrier
=362  1\$aPrint began in 1979.
=588  \\$aDescription based on: Vol. 24, no. 1 (2001); title from journal contents screen (viewed Oct. 14, 2002).
=588  \\$aLatest issue consulted: volume 40, number 4 (2017) (Taylor & Francis Online, viewed March 9, 2017).
=540  \\$aCurrent copyright fee: GBP43.00$c2\0$5Uk
=650  \0$aPlants$xNutrition$vPeriodicals.
=650  \0$aPlants$xEffect of minerals on$vPeriodicals.
=650  \0$aDeficiency diseases in plants$vPeriodicals.
=710  2\$aMarcel Dekker, Inc.
=776  08$iAlso issued in print as:$tJournal of plant nutrition$x0190-4167
=856  \\$31850-9999$uhttp://www.tandfonline.com/$xBLDSS
=859  \\$aELD$bejournal
=852  41$aBritish Library$bSTI$jELD Digital store$3Volume 39:Number 1(2016)-***Previous issues available in print copy
=852  41$aBritish Library$bDSC$j5040.515000$3Volume 29:Issue 1(2006)-Volume 34:Issue 14(2011)***See ESTAR for full holdings.
=945  \\$aJournal of plant nutrition
=959  \\$fHeld but not currently received
=CAT  \\$a8141$b40$c20051213$lBLL01$h0807
=CAT  \\$aIPL-CLA$c20131231$lBLL01$h2358
=CAT  \\$aBATCH-UPD$b00$c20141124$lBLL01$h1753
=CAT  \\$aBLDSS-3PM$b00$c20141130$lBLL01$h1249
=CAT  \\$aIPL-CLA$c20141231$lBLL01$h1653
=CAT  \\$aBATCH-UPD$b00$c20151119$lBLL01$h1534
=CAT  \\$aIPL-CLA$c20151231$lBLL01$h1923
=CAT  \\$a10902$b40$c20160116$lBLL01$h1101
=CAT  \\$a5552$b40$c20160129$lBLL01$h0854
=CAT  \\$a5552$b40$c20160303$lBLL01$h0936
=CAT  \\$aIPL-CLA$c20160331$lBLL01$h1731
=CAT  \\$aBATCH-UPD$b00$c20160606$lBLL01$h0404
=CAT  \\$aBATCH-UPD$b00$c20161122$lBLL01$h1505
=CAT  \\$aIPL-CLA$c20161230$lBLL01$h2150
=CAT  \\$a8323$b40$c20170309$lBLL01$h1121
=CAT  \\$aBATCH-UPD$b40$c20171121$lBLL01$h1655
=CAT  \\$aW1711-1005$c20171206$lBLL01$h1818
=CAT  \\$aIPL-CLA$c20171231$lBLL01$h1650
=CAT  \\$aBATCH-UPD$b00$c20181217$lBLL01$h1644
=CAT  \\$aIPL-CLA$c20181231$lBLL01$h1543
=CAT  \\$aBATCH-UPD$b00$c20191122$lBLL01$h1906
=CAT  \\$aIPL-CLA$c20191231$lBLL01$h1937
=CAT  \\$aBATCH-UPD$b00$c20201118$lBLL01$h1340
=CAT  \\$aIPL-CLA$c20201231$lBLL01$h1529
=CAT  \\$aBATCH-UPD$b00$c20221121$lBLL01$h1339
=CAT  \\$aIPL-CLA$c20221231$lBLL01$h1447
=CFI  0\$aCurrent copyright fee: GBP43.00$c2\0$e01-jan-2023$fGBP43.00$g0$hP$5Uk
=CFI  2\$aPrevious copyright fee: GBP41.00$c2\0$e01-jan-2021$fGBP41.00$g0$hP$5Uk
=EST  \\$a1
=FFP  \\$aY$bBLDSS-3PM
=FIN  \\$aY$d20051213
=LET  \0$aJournal of plant nutrition (Electronic)
=MNI  \\$a0190-4167
=SID  \\$aZ39$bOCLC
=TCO  \\$aTRS$bCCC$c008
=TOC  \\$aETOC
=ACF  \\$aPrevious copyright fee: GBP21.00$c2\0$e01-jan-2010$fGBP21.00$g0$hP$5Uk
=ACF  \\$aPrevious copyright fee: GBP20.00$c2\0$e01-jan-2009$fGBP20.00$g0$hP$5Uk
=ACF  \\$aPrevious copyright fee: GBP19.00$c2\0$e01-apr-2008$fGBP19.00$g0$hP$5Uk
=ACF  \\$aPrevious copyright fee: GBP20.00$c2\0$e01-jan-2007$fGBP20.00$g0$hP$5Uk
=ACF  \\$aPrevious Copyright Fee: GBP18.00$c2\0$e26-apr-2006$fGBP18.00$g0$hP$5Uk
=ACF  \\$aCurrent Copyright Fee: GBP16.11$c0$e01-jan-2006$fGBP16.11$g0$hC$5Uk
=ACF  \\$aPrevious Copyright Fee: GBP15.68$c0$e01-oct-2005$fGBP15.68$g0$hC$5Uk
=ACF  \\$aPrevious copyright fee: GBP25.00$c2\0$e01-jan-2011$fGBP25.00$g0$hP$5Uk
=ACF  \\$aPrevious copyright fee: GBP27.00$c2\0$e01-jan-2012$fGBP27.00$g0$hP$5Uk
=ACF  \\$aPrevious copyright fee: GBP27.50$c2\0$e01-jan-2013$fGBP27.50$g0$hP$5Uk
=ACF  \\$aPrevious copyright fee: GBP28.00$c2\0$e01-jan-2014$fGBP28.00$g0$hP$5Uk
=ACF  \\$aPrevious copyright fee: GBP30.00$c2\0$e01-jan-2015$fGBP30.00$g0$hP$5Uk
=ACF  \\$aPrevious copyright fee: GBP34.00$c2\0$e01-jan-2016$fGBP34.00$g0$hP$5Uk
=ACF  \\$aPrevious copyright fee: GBP31.00$c2\0$e01-apr-2016$fGBP31.00$g0$hP$5Uk
=ACF  \\$aPrevious copyright fee: GBP33.00$c2\0$e01-jan-2017$fGBP33.00$g0$hP$5Uk
=ACF  \\$aPrevious copyright fee: GBP35.00$c2\0$e01-jan-2018$fGBP35.00$g0$hP$5Uk
=ACF  \\$aPrevious copyright fee: GBP37.00$c2\0$e01-jan-2019$fGBP37.00$g0$hP$5Uk
=ACF  \\$aPrevious copyright fee: GBP39.00$c2\0$e01-jan-2020$fGBP39.00$g0$hP$5Uk
=LAS  \\$aIPL-CLA$b00$c20221231$lBLL01$h1447

