=LDR  05715cas a2201261 i 4500
=001  013360795
=003  Uk
=005  20221231144708.0
=006  m\\\\\\\\d\\\\\\\\
=007  cr||||||||||||
=008  040608c19889999enkqx\pss\\\\\0\\\a0eng\d
=FMT  \\$a  SE
=015  \\$aGBA606868$2bnb
=022  0\$a1029-2381
=037  \\$aISSN_08912963$bPortico$nTaylor & Francis
=040  \\$aJNA$cJNA$dOCL$dOCLCQ$dCOU$dOCL$dUk
=042  \\$aukblsr
=082  04$a560.5$222
=130  0\$aHistorical biology (Online)
=210  0\$aHist. biol.$b(Online)
=222  \0$aHistorical biology$b(Online)
=245  10$aHistorical biology$h[electronic resource].
=260  \\$aChur [Switzerland] ;$aNew York :$bHarwood Academic Publishers,$cc1988-
=260  3\$aLondon :$bTaylor & Francis,$c[2001]-
=310  \\$aFour no. a year
=336  \\$atext$2rdacontent
=337  \\$acomputer$2rdamedia
=338  \\$aonline resource$2rdacarrier
=362  1\$aPrint began with vol. 1, no. 1 (May 1988).
=500  \\$aTitle from journal information screen (viewed June 8, 2004).
=588  \\$aLatest issue consulted: volume 28, issue 1-2 (2016) (Taylor & Francis Online, viewed January 4, 2016).
=500  \\$a"An international journal of paleobiology."
=500  \\$aIssues for <Mar. 2003-> published by Taylor & Francis, Oxfordshire.
=530  \\$aAlso issued in print.
=538  \\$aMode of access: World Wide Web.
=540  \\$aCurrent copyright fee: GBP43.00$c2\0$5Uk
=650  \0$aPaleobiology$vPeriodicals.
=650  \0$aBiology$vPeriodicals.
=650  \0$aEvolution$vPeriodicals.
=650  \0$aPaleontology$vPeriodicals.
=650  \2$aBiology$vPeriodicals.
=650  \2$aPaleontology$vPeriodicals.
=650  \2$aEvolution$vPeriodicals.
=776  1\$tHistorical biology$x0891-2963
=776  0\$tHistorical biology$c(CD-ROM)$x1026-7980
=856  \\$31850-9999$uhttp://www.tandfonline.com/$xBLDSS
=859  \\$aELD$bejournal
=852  41$aBritish Library$bDSC$j4316.155000$3Volume 18:Issue 1(2006)-Volume 23:Issue 4(2011)***See ESTAR for full holdings.
=852  41$aBritish Library$bHMNTS$jELD Digital store$3Volume 28:Number 1/2(2016)-***Previous issues available in print copy
=945  \\$aHISTORICAL BIOLOGY.
=959  \\$fHeld but not currently received
=985  \\$aCONFERENCE ANALYLTIC RECORDS EXIST
=985  \\$aISSN responsibility transferred from ISSN UK Centre to U.S. ISSN Center Taylor & Francis, Multinational Publisher List, Summer 2016
=CAT  \\$a11439$b40$c20051213$lBLL01$h1725
=CAT  \\$aBATCH-UPD$b00$c20151119$lBLL01$h1534
=CAT  \\$aIPL-CLA$c20151231$lBLL01$h1923
=CAT  \\$a5110$b40$c20160104$lBLL01$h1348
=CAT  \\$a8478$b40$c20160122$lBLL01$h0923
=CAT  \\$a8478$b40$c20160122$lBLL01$h0924
=CAT  \\$a11296$b40$c20160205$lBLL01$h1426
=CAT  \\$a5552$b40$c20160302$lBLL01$h1059
=CAT  \\$aWR16_048$c20160322$lBLL01$h1614
=CAT  \\$aIPL-CLA$c20160331$lBLL01$h1732
=CAT  \\$aBATCH-UPD$b00$c20160620$lBLL01$h0206
=CAT  \\$aW1607-0553$c20160818$lBLL01$h0910
=CAT  \\$aW1607-0553$c20160818$lBLL01$h0915
=CAT  \\$aBATCH-UPD$b00$c20161122$lBLL01$h1505
=CAT  \\$aIPL-CLA$c20161230$lBLL01$h2150
=CAT  \\$aBATCH-UPD$b00$c20171121$lBLL01$h1655
=CAT  \\$aW1711-1005$c20171206$lBLL01$h1818
=CAT  \\$aIPL-CLA$c20171231$lBLL01$h1650
=CAT  \\$aBATCH-UPD$b00$c20181217$lBLL01$h1644
=CAT  \\$aIPL-CLA$c20181231$lBLL01$h1543
=CAT  \\$aBATCH-UPD$b00$c20191122$lBLL01$h1906
=CAT  \\$aIPL-CLA$c20191231$lBLL01$h1937
=CAT  \\$aBATCH-UPD$b00$c20201118$lBLL01$h1340
=CAT  \\$aIPL-CLA$c20201231$lBLL01$h1529
=CAT  \\$aBATCH-UPD$b00$c20221121$lBLL01$h1339
=CAT  \\$aIPL-CLA$c20221231$lBLL01$h1447
=CFI  0\$aCurrent copyright fee: GBP43.00$c2\0$e01-jan-2023$fGBP43.00$g0$hP$5Uk
=CFI  2\$aPrevious copyright fee: GBP41.00$c2\0$e01-jan-2021$fGBP41.00$g0$hP$5Uk
=EST  \\$a1
=FFP  \\$aY$bBLDSS-3PM
=FIN  \\$aY$d20051213
=LEO  \\$aMP22.0000040621
=MNI  \\$a0891-2963
=SID  \\$aZ39$bOCLC
=SRC  \\$aISN01$bbibmp22.200404.2.aa
=TCO  \\$aCLA$bCLA$c008
=TOC  \\$aETOC
=ACF  \\$aPrevious copyright fee: GBP21.00$c2\0$e01-jan-2011$fGBP21.00$g0$hP$5Uk
=ACF  \\$aPrevious copyright fee: GBP17.00$c2\0$e01-jan-2010$fGBP17.00$g0$hP$5Uk
=ACF  \\$aPrevious copyright fee: GBP16.00$c2\0$e01-jan-2009$fGBP16.00$g0$hP$5Uk
=ACF  \\$aPrevious copyright fee: GBP15.00$c2\0$e01-apr-2008$fGBP15.00$g0$hP$5Uk
=ACF  \\$aPrevious copyright fee: GBP16.00$c2\0$e01-jan-2007$fGBP16.00$g0$hP$5Uk
=ACF  \\$aPrevious copyright fee: GBP13.00$c2\0$e01-jan-2005$fGBP13.00$g0$hP$5Uk
=ACF  \\$aPrevious copyright fee: GBP23.00$c2\0$e01-jan-2012$fGBP23.00$g0$hP$5Uk
=ACF  \\$aPrevious copyright fee: GBP27.00$c2\0$e08-nov-2012$fGBP27.00$g0$hP$5Uk
=ACF  \\$aPrevious copyright fee: GBP27.50$c2\0$e01-jan-2013$fGBP27.50$g0$hP$5Uk
=ACF  \\$aPrevious copyright fee: GBP28.00$c2\0$e01-jan-2014$fGBP28.00$g0$hP$5Uk
=ACF  \\$aPrevious copyright fee: GBP30.00$c2\0$e01-jan-2015$fGBP30.00$g0$hP$5Uk
=ACF  \\$aPrevious copyright fee: GBP34.00$c2\0$e01-jan-2016$fGBP34.00$g0$hP$5Uk
=ACF  \\$aPrevious copyright fee: GBP31.00$c2\0$e01-apr-2016$fGBP31.00$g0$hP$5Uk
=ACF  \\$aPrevious copyright fee: GBP33.00$c2\0$e01-jan-2017$fGBP33.00$g0$hP$5Uk
=ACF  \\$aPrevious copyright fee: GBP35.00$c2\0$e01-jan-2018$fGBP35.00$g0$hP$5Uk
=ACF  \\$aPrevious copyright fee: GBP37.00$c2\0$e01-jan-2019$fGBP37.00$g0$hP$5Uk
=ACF  \\$aPrevious copyright fee: GBP39.00$c2\0$e01-jan-2020$fGBP39.00$g0$hP$5Uk
=LAS  \\$aIPL-CLA$b00$c20221231$lBLL01$h1447

