=LDR  05504cas a2201237 a 4500
=001  013360888
=003  Uk
=005  20230304012639.0
=006  m\\\\\\\\d\\\\\\\\
=007  cr\|||||||||||
=008  050614c19709999caufr\pss\\\\\0\\\a0eng\d
=FMT  \\$a  SE
=010  \\$a2005214696
=015  \\$aGBB637637$2bnb
=022  \\$a1556-3030$y0033-2925
=037  \\$aISSN_00332925$bPortico$nTaylor & Francis
=040  \\$aOCLCS$cOCLCS$dNSD$dUk
=042  \\$ansdp$aukblsr
=050  \4$aBF173.A2$bP76
=060  \4$aW1$bPS63H
=082  04$a150.1954$223
=130  0\$aPsychological perspectives (Online)
=222  \0$aPsychological perspectives$b(Online)
=245  10$aPsychological perspectives$h[electronic resource].
=260  \\$a[Los Angeles, Calif., etc.] :$bC.G. Jung Institute of Los Angeles
=264  31$aPhiladelphia, PA :$bTaylor & Francis
=310  \\$aQuarterly,$b2009-
=321  \\$aSemiannual
=336  \\$atext$2rdacontent
=337  \\$acomputer$2rdamedia
=338  \\$aonline resource$2rdacarrier
=362  1\$aPrint began with v. 1 in spring 1970.
=500  \\$aPublished: Philadelphia, Pa. : Taylor and Francis, Inc., 2005-
=588  \\$aLatest issue consulted: volume 58, issue 4 (2015) (Taylor & Francis Online, viewed March 11, 2016).
=500  \\$aDescription based on print version record.
=530  \\$aAlso issued in print.
=538  \\$aMode of access: World Wide Web.
=540  \\$aCurrent copyright fee: GBP37.00$c2\0$5Uk
=650  \0$aPsychoanalysis$vPeriodicals.
=650  \0$aPsychology$vPeriodicals.
=650  \2$aJungian Theory$vPeriodicals.
=650  \2$aPsychoanalysis$vPeriodicals.
=650  \2$aPsychoanalytic Theory$vPeriodicals.
=650  \2$aPsychology$vPeriodicals.
=710  2\$aC.G. Jung Institute of Los Angeles (Calif.)
=776  1\$tPsychological perspectives$x0033-2925
=856  \\$31850-9999$uhttp://www.tandfonline.com/$xBLDSS
=859  \\$aELD$bejournal
=852  41$aBritish Library$bDSC$j6946.510000$3Volume 49:Issue 1(2006)-Volume 60:Issue 4(2017)***See ESTAR for full holdings.
=852  41$aBritish Library$bHMNTS$jELD Digital store$3Volume 59:Number 1(2016)-***Previous issues available in print copy
=945  \\$aPSYCHOLOGICAL PERSPECTIVES.
=959  \\$fHeld but not currently received
=979  \\$aBritish Library$bDSC$j6946.510000
=CAT  \\$a11281$b40$c20051214$lBLL01$h0902
=CAT  \\$aBATCH-UPD$b00$c20141124$lBLL01$h1754
=CAT  \\$aBLDSS-3PM$b00$c20141130$lBLL01$h1249
=CAT  \\$aIPL-CLA$c20141231$lBLL01$h1653
=CAT  \\$a5552$b40$c20150223$lBLL01$h1052
=CAT  \\$aBATCH-UPD$b40$c20151119$lBLL01$h1543
=CAT  \\$a10983$b40$c20151219$lBLL01$h1106
=CAT  \\$aIPL-CLA$c20151231$lBLL01$h1923
=CAT  \\$a14448$b40$c20160201$lBLL01$h0821
=CAT  \\$a10806$b40$c20160311$lBLL01$h1607
=CAT  \\$aBATCH-UPD$b40$c20160609$lBLL01$h0302
=CAT  \\$aBATCH-UPD$b40$c20161122$lBLL01$h1512
=CAT  \\$aIPL-CLA$c20161230$lBLL01$h2150
=CAT  \\$aBATCH-UPD$b00$c20171121$lBLL01$h1647
=CAT  \\$aW1711-1005$c20171206$lBLL01$h1818
=CAT  \\$aIPL-CLA$c20171231$lBLL01$h1650
=CAT  \\$aBATCH-UPD$b00$c20181217$lBLL01$h1638
=CAT  \\$aIPL-CLA$c20181231$lBLL01$h1543
=CAT  \\$aW1811-111$c20190203$lBLL01$h0956
=CAT  \\$aBATCH-UPD$b00$c20191122$lBLL01$h1900
=CAT  \\$aIPL-CLA$c20191231$lBLL01$h1937
=CAT  \\$aBATCH-UPD$b00$c20201118$lBLL01$h1334
=CAT  \\$aIPL-CLA$c20201231$lBLL01$h1529
=CAT  \\$aBATCH-UPD$b00$c20221121$lBLL01$h1347
=CAT  \\$aIPL-CLA$c20221231$lBLL01$h1447
=CAT  \\$a5410$b40$c20230304$lBLL01$h0126
=CFI  0\$aCurrent copyright fee: GBP37.00$c2\0$e01-jan-2023$fGBP37.00$g0$hP$5Uk
=CFI  2\$aPrevious copyright fee: GBP35.00$c2\0$e01-jan-2021$fGBP35.00$g0$hP$5Uk
=EST  \\$a1
=FFP  \\$aY$bBLDSS-3PM
=FIN  \\$aY$d20051214
=MNI  \\$a0033-2925
=SID  \\$aZ39$bOCLC
=TCO  \\$aTRS$bCCC$c008
=TOC  \\$aETOC
=ACF  \\$aPrevious copyright fee: GBP21.00$c2\0$e01-jan-2010$fGBP21.00$g0$hP$5Uk
=ACF  \\$aPrevious copyright fee: GBP20.00$c2\0$e01-jan-2009$fGBP20.00$g0$hP$5Uk
=ACF  \\$aPrevious copyright fee: GBP19.00$c2\0$e01-apr-2008$fGBP19.00$g0$hP$5Uk
=ACF  \\$aPrevious copyright fee: GBP20.00$c2\0$e01-jan-2007$fGBP20.00$g0$hP$5Uk
=ACF  \\$aPrevious Copyright Fee: GBP18.00$c2\0$e01-jan-2006$fGBP18.00$g0$hP$5Uk
=ACF  \\$aPrevious Copyright Fee: GBP0.97$c0$e01-oct-2005$fGBP0.97$g0$hC$5Uk
=ACF  \\$aPrevious copyright fee: GBP25.00$c2\0$e01-jan-2011$fGBP25.00$g0$hP$5Uk
=ACF  \\$aPrevious copyright fee: GBP27.00$c2\0$e01-jan-2012$fGBP27.00$g0$hP$5Uk
=ACF  \\$aPrevious copyright fee: GBP27.50$c2\0$e01-jan-2013$fGBP27.50$g0$hP$5Uk
=ACF  \\$aPrevious copyright fee: GBP30.00$c2\0$e01-jan-2015$fGBP30.00$g0$hP$5Uk
=ACF  \\$aPrevious copyright fee: GBP28.00$c2\0$e01-jan-2014$fGBP28.00$g0$hP$5Uk
=ACF  \\$aPrevious Copyright Fee: GBP25.00$c2\0$e23-feb-2015$fGBP25.00$g0$hP$5Uk
=ACF  \\$aPrevious copyright fee: GBP26.00$c2\0$e01-jan-2016$fGBP26.00$g0$hP$5Uk
=ACF  \\$aPrevious copyright fee: GBP28.00$c2\0$e01-jan-2017$fGBP28.00$g0$hP$5Uk
=ACF  \\$aPrevious copyright fee: GBP30.00$c2\0$e01-jan-2018$fGBP30.00$g0$hP$5Uk
=ACF  \\$aPrevious copyright fee: GBP32.00$c2\0$e01-jan-2019$fGBP32.00$g0$hP$5Uk
=ACF  \\$aPrevious copyright fee: GBP34.00$c2\0$e01-jan-2020$fGBP34.00$g0$hP$5Uk
=LAS  \\$a5410$b40$c20230304$lBLL01$h0126

