=LDR  05375cas a2201153 a 4500
=001  013361094
=003  Uk
=005  20221231144709.0
=006  m\\\\\\\\d\\\\\\\\
=007  cr\|||||||||||
=008  051101c20009999pauar\p\s\\\\\0\\\a0eng\d
=FMT  \\$a  SE
=015  \\$aGBB643575$2bnb
=022  0\$a1745-9443
=037  \\$aISSN_17459435$bPortico$nTaylor & Francis
=040  \\$aVPI$cVPI$dUk
=042  \\$aukblsr
=082  04$a302.2$223
=130  0\$aQualitative research reports in communication (Online)
=222  \0$aQualitative research reports in communication$b(Online)
=245  10$aQualitative research reports in communication$h[electronic resource].
=246  30$aQRRC
=260  \\$a[Philadelphia, PA :$bRoutledge in partnership with the Eastern Communication Association]
=264  31$aPhiladelphia, PA :$bRoutledge
=310  \\$aAnnual
=336  \\$atext$2rdacontent
=337  \\$acomputer$2rdamedia
=338  \\$aonline resource$2rdacarrier
=362  1\$aPrint began with: Vol. 1, no. 1 (winter 2000).
=500  \\$aDescription based on: Vol. 6, no. 1 (Oct. 2005); title from table of contents screen (MetaPress, viewed Oct. 31, 2005).
=500  \\$aPublished: Ithaca, NY : National Communication Association, <2005->
=530  \\$aOnline version of the print publication.
=580  \\$aMode of access: World Wide Web.
=588  \\$aLatest issue consulted: volume 16, issue 1 (2015) (Taylor & Francis Online, viewed March 24, 2016).
=540  \\$aCurrent copyright fee: GBP37.00$c2\0$5Uk
=650  \0$aCommunication$vPeriodicals.
=710  2\$aEastern Communication Association.
=776  1\$tQualitative research reports in communication$x1745-9435
=859  \\$aELD$bejournal
=856  \\$31850-9999$uhttp://www.tandfonline.com/$xBLDSS
=852  41$aBritish Library$bHMNTS$jELD Digital store$3Volume 17:Issue 1(2016)-
=852  41$aBritish Library$bDSC$j7168.124420$3Volume 8(2007)-Volume 15:Issue 1(2014)***See ESTAR for full holdings.
=945  \\$aQualitative research reports in communication
=959  \\$fHeld but not currently received
=979  \\$aBritish Library$bDSC$j7168.124420
=985  \\$aCorrected by BSS-generated file for WR# 08/157
=CAT  \\$a11281$b40$c20051214$lBLL01$h1113
=CAT  \\$aBLDSS-3PM$b00$c20141130$lBLL01$h1249
=CAT  \\$aCDS15-UPD$b40$c20141130$lBLL01$h1853
=CAT  \\$aIPL-CLA$c20141231$lBLL01$h1653
=CAT  \\$a5552$b40$c20150223$lBLL01$h1146
=CAT  \\$aBATCH-UPD$b40$c20151119$lBLL01$h1543
=CAT  \\$a11433$b40$c20151219$lBLL01$h1154
=CAT  \\$aIPL-CLA$c20151231$lBLL01$h1923
=CAT  \\$a14448$b40$c20160201$lBLL01$h0812
=CAT  \\$a10806$b40$c20160324$lBLL01$h1355
=CAT  \\$aBATCH-UPD$b40$c20160905$lBLL01$h0359
=CAT  \\$aBATCH-UPD$b40$c20161122$lBLL01$h1512
=CAT  \\$aIPL-CLA$c20161230$lBLL01$h2150
=CAT  \\$aBATCH-UPD$b00$c20171121$lBLL01$h1647
=CAT  \\$aW1711-1005$c20171206$lBLL01$h1818
=CAT  \\$aIPL-CLA$c20171231$lBLL01$h1650
=CAT  \\$aBATCH-UPD$b00$c20181217$lBLL01$h1638
=CAT  \\$aIPL-CLA$c20181231$lBLL01$h1543
=CAT  \\$aBATCH-UPD$b00$c20191122$lBLL01$h1900
=CAT  \\$aIPL-CLA$c20191231$lBLL01$h1937
=CAT  \\$a5410$b40$c20200721$lBLL01$h1945
=CAT  \\$aBATCH-UPD$b40$c20201118$lBLL01$h1334
=CAT  \\$aIPL-CLA$c20201231$lBLL01$h1529
=CAT  \\$a5410$b40$c20221021$lBLL01$h1513
=CAT  \\$aBATCH-UPD$b40$c20221121$lBLL01$h1347
=CAT  \\$aIPL-CLA$c20221231$lBLL01$h1447
=CFI  0\$aCurrent copyright fee: GBP37.00$c2\0$e01-jan-2023$fGBP37.00$g0$hP$5Uk
=CFI  2\$aPrevious copyright fee: GBP35.00$c2\0$e01-jan-2021$fGBP35.00$g0$hP$5Uk
=EST  \\$a1
=FFP  \\$aY$bBLDSS-3PM
=FIN  \\$aY$d20051214
=MNI  \\$a1745-9435
=SID  \\$aZ39$bOCLC
=TCO  \\$aTRS$bCCC$c008
=TOC  \\$aETOC
=ACF  \\$aPrevious copyright fee: GBP21.00$c2\0$e01-jan-2010$fGBP21.00$g0$hP$5Uk
=ACF  \\$aPrevious copyright fee: GBP20.00$c2\0$e01-jan-2009$fGBP20.00$g0$hP$5Uk
=ACF  \\$aPrevious copyright fee: GBP19.00$c2\0$e01-apr-2008$fGBP19.00$g0$hP$5Uk
=ACF  \\$aPrevious copyright fee: GBP20.00$c2\0$e01-jan-2007$fGBP20.00$g0$hP$5Uk
=ACF  \\$aPrevious Copyright Fee: GBP18.00$c2\0$e01-jan-2006$fGBP18.00$g0$hP$5Uk
=ACF  \\$aPrevious copyright fee: GBP5.00$c0$e30-jan-2004$fGBP5.00$g0$hA$5Uk
=ACF  \\$aPrevious copyright fee: GBP25.00$c2\0$e01-jan-2011$fGBP25.00$g0$hP$5Uk
=ACF  \\$aPrevious copyright fee: GBP27.00$c2\0$e01-jan-2012$fGBP27.00$g0$hP$5Uk
=ACF  \\$aPrevious copyright fee: GBP27.50$c2\0$e01-jan-2013$fGBP27.50$g0$hP$5Uk
=ACF  \\$aPrevious copyright fee: GBP30.00$c2\0$e01-jan-2015$fGBP30.00$g0$hP$5Uk
=ACF  \\$aPrevious copyright fee: GBP28.00$c2\0$e01-jan-2014$fGBP28.00$g0$hP$5Uk
=ACF  \\$aPrevious Copyright Fee: GBP25.00$c2\0$e23-feb-2015$fGBP25.00$g0$hP$5Uk
=ACF  \\$aPrevious copyright fee: GBP26.00$c2\0$e01-jan-2016$fGBP26.00$g0$hP$5Uk
=ACF  \\$aPrevious copyright fee: GBP28.00$c2\0$e01-jan-2017$fGBP28.00$g0$hP$5Uk
=ACF  \\$aPrevious copyright fee: GBP30.00$c2\0$e01-jan-2018$fGBP30.00$g0$hP$5Uk
=ACF  \\$aPrevious copyright fee: GBP32.00$c2\0$e01-jan-2019$fGBP32.00$g0$hP$5Uk
=ACF  \\$aPrevious copyright fee: GBP34.00$c2\0$e01-jan-2020$fGBP34.00$g0$hP$5Uk
=LAS  \\$aIPL-CLA$b00$c20221231$lBLL01$h1447

