=LDR  05114cas a2201129 a 4500
=001  013361416
=003  Uk
=005  20221231144709.0
=006  m\\\\\\\\d\\\\\\\\
=007  cr\|||||||||||
=008  990217d19932013fluqr1pss\\\\\0\\\a0eng\d
=FMT  \\$a  SE
=010  \\$a2004214432
=022  \\$a1547-6553$y1064-1262
=037  \\$aISSN_10641262$bPortico$nTaylor & Francis
=040  \\$aF#A$cF#A$dOCL$dOCLCQ$dNSD$dOCLCQ$dUk
=042  \\$ansdp$aukblsr
=082  04$a639.205$222
=130  0\$aReviews in fisheries science (Online)
=222  \0$aReviews in fisheries science$b(Online)
=245  10$aReviews in fisheries science$h[electronic resource].
=260  \\$a[Boca Raton, FL] :$bCRC Press
=310  \\$aQuarterly
=336  \\$atext$2rdacontent
=337  \\$acomputer$2rdamedia
=338  \\$aonline resource$2rdacarrier
=362  1\$aPrint began with vol. 1, issue 1, published in 1993.
=362  1\$aCeased with vol. 21, nos. 3-4 (2013).
=500  \\$aPublished: Philadelphia, PA : Taylor and Francis, Inc., 2003-
=500  \\$aDescription based on: Vol. 6, no. 1 & 2 (Mar./Sept. 1998); title from journal information screen (viewed Feb. 15, 1999).
=500  \\$aLatest issue consulted: Vol. 12, issue 1 (Jan. 2004)-
=530  \\$aAlso issued in print.
=538  \\$aMode of access: World Wide Web.
=540  \\$aCurrent copyright fee: GBP43.00$c2\0$5Uk
=650  \0$aFisheries$vPeriodicals.
=650  \0$aFisheries$xResearch$vPeriodicals.
=650  \0$aFisheries$vBibliography$vPeriodicals.
=776  1\$tReviews in fisheries science$x1064-1262
=785  00$tReviews in fisheries science & aquaculture.$x2330-8257
=856  \\$31850-9999$uhttp://www.tandfonline.com/$xBLDSS
=859  \\$aELD$bejournal
=852  41$aBritish Library$bDSC$j7790.573000$3Volume 14:Issue 1/2(2006)-Volume 21:Issue 3/4(2013)***See ESTAR for full holdings.
=852  41$aBritish Library$bHMNTS$jELD Digital store$3Content not received
=945  \\$aREVIEWS IN FISHERIES SCIENCE.
=959  \\$fCurrently received
=CAT  \\$a8141$b40$c20051214$lBLL01$h1416
=CAT  \\$aBATCH-UPD$b40$c20141124$lBLL01$h1754
=CAT  \\$aBLDSS-3PM$b00$c20141130$lBLL01$h1249
=CAT  \\$aIPL-CLA$c20141231$lBLL01$h1653
=CAT  \\$aBATCH-UPD$b00$c20151119$lBLL01$h1534
=CAT  \\$a10983$b40$c20151219$lBLL01$h0815
=CAT  \\$aIPL-CLA$c20151231$lBLL01$h1923
=CAT  \\$a14448$b40$c20160201$lBLL01$h0743
=CAT  \\$a5552$b40$c20160304$lBLL01$h0734
=CAT  \\$aIPL-CLA$c20160331$lBLL01$h1732
=CAT  \\$aBATCH-UPD$b00$c20160620$lBLL01$h0207
=CAT  \\$a7778$b40$c20160824$lBLL01$h0945
=CAT  \\$aBATCH-UPD$b40$c20161122$lBLL01$h1505
=CAT  \\$aIPL-CLA$c20161230$lBLL01$h2150
=CAT  \\$aBATCH-UPD$b00$c20171121$lBLL01$h1655
=CAT  \\$aW1711-1005$c20171206$lBLL01$h1818
=CAT  \\$aIPL-CLA$c20171231$lBLL01$h1650
=CAT  \\$aBATCH-UPD$b00$c20181217$lBLL01$h1644
=CAT  \\$aIPL-CLA$c20181231$lBLL01$h1543
=CAT  \\$aBATCH-UPD$b00$c20191122$lBLL01$h1906
=CAT  \\$aIPL-CLA$c20191231$lBLL01$h1937
=CAT  \\$a10806$b40$c20200117$lBLL01$h1327
=CAT  \\$aBATCH-UPD$b40$c20201118$lBLL01$h1340
=CAT  \\$aIPL-CLA$c20201231$lBLL01$h1529
=CAT  \\$aBATCH-UPD$b00$c20221121$lBLL01$h1339
=CAT  \\$aIPL-CLA$c20221231$lBLL01$h1447
=CFI  0\$aCurrent copyright fee: GBP43.00$c2\0$e01-jan-2023$fGBP43.00$g0$hP$5Uk
=CFI  2\$aPrevious copyright fee: GBP41.00$c2\0$e01-jan-2021$fGBP41.00$g0$hP$5Uk
=EST  \\$a1
=FFP  \\$aY$bBLDSS-3PM
=FIN  \\$aY$d20051214
=MNI  \\$a1064-1262
=SID  \\$aZ39$bOCLC
=TCO  \\$aTRS$bCCC$c008
=TOC  \\$aETOC
=ACF  \\$aPrevious copyright fee: GBP21.00$c2\0$e01-jan-2010$fGBP21.00$g0$hP$5Uk
=ACF  \\$aPrevious copyright fee: GBP20.00$c2\0$e01-jan-2009$fGBP20.00$g0$hP$5Uk
=ACF  \\$aPrevious copyright fee: GBP19.00$c2\0$e01-apr-2008$fGBP19.00$g0$hP$5Uk
=ACF  \\$aPrevious copyright fee: GBP20.00$c2\0$e01-jan-2007$fGBP20.00$g0$hP$5Uk
=ACF  \\$aPrevious copyright fee: GBP18.00$c2\0$e01-jan-2005$fGBP18.00$g0$hP$5Uk
=ACF  \\$aPrevious copyright fee: GBP25.00$c2\0$e01-jan-2011$fGBP25.00$g0$hP$5Uk
=ACF  \\$aPrevious copyright fee: GBP27.00$c2\0$e01-jan-2012$fGBP27.00$g0$hP$5Uk
=ACF  \\$aPrevious copyright fee: GBP27.50$c2\0$e01-jan-2013$fGBP27.50$g0$hP$5Uk
=ACF  \\$aPrevious copyright fee: GBP28.00$c2\0$e01-jan-2014$fGBP28.00$g0$hP$5Uk
=ACF  \\$aPrevious copyright fee: GBP30.00$c2\0$e01-jan-2015$fGBP30.00$g0$hP$5Uk
=ACF  \\$aPrevious copyright fee: GBP34.00$c2\0$e01-jan-2016$fGBP34.00$g0$hP$5Uk
=ACF  \\$aPrevious copyright fee: GBP31.00$c2\0$e01-apr-2016$fGBP31.00$g0$hP$5Uk
=ACF  \\$aPrevious copyright fee: GBP33.00$c2\0$e01-jan-2017$fGBP33.00$g0$hP$5Uk
=ACF  \\$aPrevious copyright fee: GBP35.00$c2\0$e01-jan-2018$fGBP35.00$g0$hP$5Uk
=ACF  \\$aPrevious copyright fee: GBP37.00$c2\0$e01-jan-2019$fGBP37.00$g0$hP$5Uk
=ACF  \\$aPrevious copyright fee: GBP39.00$c2\0$e01-jan-2020$fGBP39.00$g0$hP$5Uk
=LAS  \\$aIPL-CLA$b00$c20221231$lBLL01$h1447

