=LDR  04407cas a2201045 a 4500
=001  013361729
=003  Uk
=005  20230930080827.0
=006  m\\\\\\\\d\\\\\\\\
=007  cr\|||||||||||
=008  031128c20049999enkqr\pss\\\\\0\\\a0eng\c
=FMT  \\$a  SE
=010  \\$a2003215704
=015  \\$aGBB349135$2bnb
=022  \\$a1547-6901$y1547-691X$21
=037  \\$aISSN_1547691X_98$bPortico$nInforma Healthcare
=037  3\$aISSN_1547691X$bPortico$nTaylor & Francis
=040  \\$aNSD$cNSD$dOCLCQ$dOCL$dNSD$dUk
=042  \\$aukblsr
=050  14$aRC582.17
=082  04$a616.97$222
=130  0\$aJournal of immunotoxicology (Online)
=222  \0$aJournal of immunotoxicology$b(Online)
=245  10$aJournal of immunotoxicology$h[electronic resource].
=260  \\$aPhiladelphia, PA :$bTaylor and Francis
=260  3\$a[London] :$bInforma Healthcare
=310  \\$aQuarterly
=336  \\$atext$2rdacontent
=337  \\$acomputer$2rdamedia
=338  \\$aonline resource$2rdacarrier
=362  1\$aPrint began with: Vol. 1, no. 1 (Jan./Mar. 2004).
=500  \\$aDescription based on: Vol. 1, no. 2 (2004); title from journal information screen (FirstSearch, viewed Feb. 3, 2005).
=500  \\$aLatest issue consulted: Vol. 7, no. 3 (July-Sept. 2010) (Informa Healthcare, viewed Nov. 17, 2010).
=530  \\$aAlso issued in print.
=538  \\$aMode of access: World Wide Web.
=540  \\$aCurrent copyright fee: zero$c2\0$5Uk
=650  \0$aImmunotoxicology$vPeriodicals.
=650  \0$aPoisons$xImmunology$vPeriodicals.
=650  \0$aEnvironmental health$vPeriodicals.
=776  1\$tJournal of immunotoxicology$x1547-691X
=859  \\$aELD$bejournal
=856  \\$31850-9999$uhttp://informahealthcare.com$xBLDSS
=852  41$aBritish Library$bSTI$jELD Digital store$3Volume 10:Number 1(2013)-***Previous issues available in print copy
=852  41$aBritish Library$bDSC$j5005.043000$3Volume 3:Issue 1(2006)-Volume 9:Issue 2(2012)***See ESTAR for full holdings.
=945  \\$aJournal of immunotoxicology
=959  \\$fHeld but not currently received
=985  \\$aCONFERENCE ANALYTIC RECORDS EXIST
=CAT  \\$a6550$b40$c20051214$lBLL01$h1752
=CAT  \\$aBATCH-UPD$b00$c20121125$lBLL01$h1435
=CAT  \\$aWR12_168$c20121206$lBLL01$h1816
=CAT  \\$a5508$b40$c20130218$lBLL01$h1529
=CAT  \\$a5508$b40$c20130218$lBLL01$h1544
=CAT  \\$a5997$b40$c20130520$lBLL01$h1345
=CAT  \\$aWR13.114$c20130717$lBLL01$h1313
=CAT  \\$aBATCH-PORT$c20130829$lBLL01$h1114
=CAT  \\$aWR14_009$c20140204$lBLL01$h2347
=CAT  \\$a10934$b40$c20140528$lBLL01$h0939
=CAT  \\$aBLDSS-3PM$b00$c20141121$lBLL01$h1802
=CAT  \\$a5552$b40$c20150209$lBLL01$h1443
=CAT  \\$aIPL-CLA$c20150331$lBLL01$h1642
=CAT  \\$aBATCH-UPD$b00$c20151119$lBLL01$h1559
=CAT  \\$a14448$b40$c20151205$lBLL01$h1010
=CAT  \\$aIPL-CLA$c20151231$lBLL01$h1923
=CAT  \\$a14448$b40$c20160204$lBLL01$h1000
=CAT  \\$a14448$b40$c20160205$lBLL01$h0954
=CAT  \\$a11433$b40$c20160418$lBLL01$h1111
=CAT  \\$aBATCH-UPD$b40$c20160524$lBLL01$h2148
=CAT  \\$aBATCH-UPD$b40$c20160524$lBLL01$h2158
=CAT  \\$a5552$b40$c20161005$lBLL01$h1049
=CAT  \\$aIPL-CLA$c20161230$lBLL01$h2150
=CAT  \\$aW1711-1005$c20171206$lBLL01$h1818
=CAT  \\$aR2308-1440$c20230824$lBLL01$h0928
=CAT  \\$aIPL-CLA$c20230930$lBLL01$h0808
=CFI  0\$aCurrent copyright fee: zero$c2\0$e01-oct-2023$fGBP0.00$g0$hP$5Uk
=CFI  2\$aPrevious copyright fee: zero$c45\0$e01-jan-2017$fGBP0.00$g0$hP$5Uk
=EST  \\$a1
=FFP  \\$aY$bBLDSS-3PM
=FIN  \\$aY$d20051214
=MNI  \\$a1547-691X
=SID  \\$aZ39$bOCLC
=TCO  \\$aCLA$bCLA$c008
=TOC  \\$aETOC
=ACF  \\$aPrevious copyright fee: GBP19.00$c2\0$e01-apr-2008$fGBP19.00$g0$hP$5Uk
=ACF  \\$aPrevious copyright fee: GBP20.00$c2\0$e01-jan-2007$fGBP20.00$g0$hP$5Uk
=ACF  \\$aPrevious copyright fee: GBP18.00$c2\0$e27-jun-2005$fGBP18.00$g0$hP$5Uk
=ACF  \\$aCurrent copyright fee: GBP20.00$c2\0$e01-jan-2009$fGBP20.00$g0$hP$5Uk
=ACF  \\$aPrevious copyright fee: GBP29.00$c45\0$e10-nov-2009$fGBP29.00$g0$hP$5Uk
=ACF  \\$aPrevious copyright fee: GBP33.00$c45\0$e01-apr-2015$fGBP33.00$g0$hP$5Uk
=ACF  \\$aPrevious copyright fee: GBP34.00$c45\0$e01-jan-2016$fGBP34.00$g0$hP$5Uk
=LAS  \\$aIPL-CLA$b00$c20230930$lBLL01$h0808

