=LDR  05707cas a2201249 a 4500
=001  013361853
=003  Uk
=005  20230930080828.0
=006  m\\\\\\\\d\\\\\\\\
=007  cr\|||||||||||
=008  990820c19749999enkbr\pso\\\\\0\\\a0eng\d
=FMT  \\$a  SE
=010  \\$a2004263280
=015  \\$aGBA607062$2bnb
=022  0\$a1651-2030
=037  \\$aISSN_03461238$bPortico$nTaylor & Francis
=040  \\$aF#A$cF#A$dOCLCQ$dTXA$dUk
=042  \\$aukblsr
=050  14$aHG8751$b.S55
=082  04$a368.01$222
=130  0\$aScandinavian actuarial journal (Online)
=222  \0$aScandinavian actuarial journal$b(Online)
=245  10$aScandinavian actuarial journal$h[electronic resource].
=260  \\$a[Oslo, Norway] :$bScandinavian University Press
=321  \\$aBimonthly,$b2004-
=321  \\$aSemiannual,$b1991-2001
=321  \\$aQuarterly,$b2002-2003
=336  \\$atext$2rdacontent
=337  \\$acomputer$2rdamedia
=338  \\$aonline resource$2rdacarrier
=362  1\$aPrint began in 1974.
=500  \\$aPublished: Hampshire, U.K. : Taylor & Francis, 2000-
=500  \\$aDescription based on: Vol. 1999, no. 1 (June 1999); title from issue table of contents (MetaPress, viewed Dec. 6, 2004).
=500  \\$aLatest issue consulted: Vol. 2004, no. 6 (Nov. 2004) (viewed Dec. 6, 2004).
=530  \\$aAlso issued in print.
=550  \\$aPublished for the Danish Society of Actuaries, the Actuarial Society of Finland, the Norwegian Society of Actuaries and the Swedish Society of Actuaries.
=538  \\$aMode of access: World Wide Web.
=540  \\$aCurrent copyright fee: GBP37.00$c2\0$5Uk
=650  \0$aInsurance, Life$xMathematics$vPeriodicals.
=650  \0$aInsurance$xMathematics$vPeriodicals.
=690  7\$aManagement and Business Studies$2blcoll
=710  2\$aFinlands aktuarieförening.
=710  2\$aDanske aktuarforening.
=710  2\$aNorske aktuarforening.
=710  2\$aSvenska aktuarieföreningen.
=776  1\$tScandinavian actuarial journal$x0346-1238
=859  \\$aELD$bejournal
=856  \\$31850-9999$uhttp://www.tandfonline.com/$xBLDSS
=852  41$aBritish Library$bHMNTS$jELD Digital store$3Volume 2016:Issue 1(2016)-***Previous issues available in print copy
=852  41$aBritish Library$bDSC$j8087.468000$3Volume 106:Issue 1(2006)-Volume 2011:Issue 4(2011)***See ESTAR for full holdings.
=945  \\$aSCANDINAVIAN ACTUARIAL JOURNAL.
=959  \\$fHeld but not currently received
=979  \\$aBritish Library$bDSC$j8087.468000
=CAT  \\$a8141$b40$c20051215$lBLL01$h0933
=CAT  \\$aIPL-CLA$c20141231$lBLL01$h1653
=CAT  \\$a5552$b40$c20150224$lBLL01$h0846
=CAT  \\$aBATCH-UPD$b40$c20151119$lBLL01$h1529
=CAT  \\$a11316$b40$c20151204$lBLL01$h1355
=CAT  \\$a6790$b40$c20151218$lBLL01$h0746
=CAT  \\$aIPL-CLA$c20151231$lBLL01$h1923
=CAT  \\$a14448$b40$c20160201$lBLL01$h0729
=CAT  \\$aBATCH-UPD$b40$c20160522$lBLL01$h2348
=CAT  \\$aBATCH-UPD$b40$c20161122$lBLL01$h1455
=CAT  \\$aIPL-CLA$c20161230$lBLL01$h2150
=CAT  \\$aBATCH-UPD$b00$c20171121$lBLL01$h1633
=CAT  \\$aW1711-1005$c20171206$lBLL01$h1818
=CAT  \\$aIPL-CLA$c20171231$lBLL01$h1650
=CAT  \\$aBATCH-UPD$b00$c20181217$lBLL01$h1631
=CAT  \\$aIPL-CLA$c20181231$lBLL01$h1543
=CAT  \\$aBATCH-UPD$b00$c20191122$lBLL01$h1852
=CAT  \\$aIPL-CLA$c20191231$lBLL01$h1937
=CAT  \\$a5410$b40$c20200309$lBLL01$h1338
=CAT  \\$aBATCH-UPD$b40$c20201118$lBLL01$h1326
=CAT  \\$aIPL-CLA$c20201231$lBLL01$h1529
=CAT  \\$a5410$b40$c20221021$lBLL01$h1527
=CAT  \\$aBATCH-UPD$b40$c20221121$lBLL01$h1328
=CAT  \\$aIPL-CLA$c20221231$lBLL01$h1447
=CAT  \\$aR2308-1440$c20230824$lBLL01$h0928
=CAT  \\$aIPL-CLA$c20230930$lBLL01$h0808
=CFI  0\$aCurrent copyright fee: GBP37.00$c2\0$e01-oct-2023$fGBP37.00$g0$hP$5Uk
=CFI  2\$aPrevious copyright fee: GBP37.00$c15\0$e01-jan-2023$fGBP37.00$g0$hP$5Uk
=EST  \\$a1
=FFP  \\$aY$bBLDSS-3PM
=FIN  \\$aY$d20051215
=MNI  \\$a0346-1238
=SID  \\$aZ39$bOCLC
=TCO  \\$aCLA$bCLA$c008
=TCO  \\$aXXX$c008
=TOC  \\$aETOC
=ACF  \\$aPrevious copyright fee: GBP21.00$c15\0$e01-jan-2010$fGBP21.00$g0$hP$5Uk
=ACF  \\$aPrevious copyright fee: GBP20.00$c15\0$e01-jan-2009$fGBP20.00$g0$hP$5Uk
=ACF  \\$aPrevious copyright fee: GBP19.00$c15\0$e01-apr-2008$fGBP19.00$g0$hP$5Uk
=ACF  \\$aPrevious copyright fee: GBP20.00$c15\0$e01-jan-2007$fGBP20.00$g0$hP$5Uk
=ACF  \\$aPrevious copyright fee: GBP18.00$c15\0$e01-jan-2005$fGBP18.00$g0$hP$5Uk
=ACF  \\$aPrevious copyright fee: GBP25.00$c15\0$e01-jan-2011$fGBP25.00$g0$hP$5Uk
=ACF  \\$aPrevious copyright fee: GBP27.00$c15\0$e01-jan-2012$fGBP27.00$g0$hP$5Uk
=ACF  \\$aPrevious copyright fee: GBP27.50$c15\0$e01-jan-2013$fGBP27.50$g0$hP$5Uk
=ACF  \\$aPrevious copyright fee: GBP30.00$c15\0$e01-jan-2015$fGBP30.00$g0$hP$5Uk
=ACF  \\$aPrevious copyright fee: GBP28.00$c15\0$e01-jan-2014$fGBP28.00$g0$hP$5Uk
=ACF  \\$aPrevious copyright fee: GBP25.00$c15\0$e24-feb-2015$fGBP25.00$g0$hP$5Uk
=ACF  \\$aPrevious copyright fee: GBP26.00$c15\0$e01-jan-2016$fGBP26.00$g0$hP$5Uk
=ACF  \\$aPrevious copyright fee: GBP28.00$c15\0$e01-jan-2017$fGBP28.00$g0$hP$5Uk
=ACF  \\$aPrevious copyright fee: GBP30.00$c15\0$e01-jan-2018$fGBP30.00$g0$hP$5Uk
=ACF  \\$aPrevious copyright fee: GBP32.00$c15\0$e01-jan-2019$fGBP32.00$g0$hP$5Uk
=ACF  \\$aPrevious copyright fee: GBP34.00$c15\0$e01-jan-2020$fGBP34.00$g0$hP$5Uk
=ACF  \\$aPrevious copyright fee: GBP35.00$c15\0$e01-jan-2021$fGBP35.00$g0$hP$5Uk
=LAS  \\$aIPL-CLA$b00$c20230930$lBLL01$h0808

