=LDR  05322cas a2201189 a 4500
=001  013362710
=003  Uk
=005  20221231144712.0
=006  m\\\\\\\\d\\\\\\\\
=007  cr\|||||||||||
=008  030211c20049999nyumr\pss\\\\\0\\\a0eng\c
=FMT  \\$a  SE
=010  \\$a2003212097
=015  \\$aGBB5H0497$2bnb
=022  0\$a1543-5083
=037  \\$aISSN_15435075$bPortico$nTaylor & Francis
=040  \\$aNSD$cNSD$dOCLCQ$dOCL$dUk
=042  \\$aukblsr
=050  14$aTJ163.13
=082  04$a333.79$222
=130  0\$aInternational journal of green energy (Online)
=210  0\$aInt. j. green energy$b(Online)
=222  \0$aInternational journal of green energy$b(Online)
=245  10$aInternational journal of green energy$h[electronic resource].
=260  \\$aNew York, N.Y. :$bMarcel Dekker,$cc2004-
=310  \\$aMonthly,$b2015-
=321  \\$aFrequency varies,$b2011-2014
=321  \\$aBimonthly,$b2007-2010
=321  \\$aFour no. a year,$b-2006
=336  \\$atext$2rdacontent
=337  \\$acomputer$2rdamedia
=338  \\$aonline resource$2rdacarrier
=362  0\$aVol. 1, no. 1 (2004)-
=500  \\$aTitle from journal information screen (FirstSearch, viewed Dec. 16, 2004).
=588  \\$aLatest issue consulted: Volume 13, issue 1 (2016) (Taylor & Francis Online, viewed December 1, 2015).
=530  \\$aAlso issued in print.
=538  \\$aMode of access: World Wide Web.
=550  \\$aOfficial journal of the Association of Energy Engineers.
=540  \\$aCurrent copyright fee: GBP46.00$c2\0$5Uk
=650  \0$aPower resources$xResearch$vPeriodicals.
=650  \0$aEnergy industries$vPeriodicals.
=650  \0$aEnergy development$vPeriodicals.
=710  2\$aAssociation of Energy Engineers.
=776  1\$tInternational journal of green energy$x1543-5075
=859  \\$aELD$bejournal
=856  \\$31850-9999$uhttp://www.tandfonline.com/$xBLDSS
=852  41$aBritish Library$bSTI$jELD Digital store$3Volume 13:Issue 1(2016)-***Transferred from print***Previous issues available in print copy
=852  41$aBritish Library$bDSC$j4542.268525$3Volume 3:Issue 1(2006)-Volume 8:Issue 8(2011)***See ESTAR for full holdings.
=945  \\$aInternational journal of green energy
=959  \\$fHeld but not currently received
=CAT  \\$a8871$b40$c20051215$lBLL01$h1655
=CAT  \\$aIPL-CLA$c20121231$lBLL01$h1318
=CAT  \\$aIPL-CLA$c20130102$lBLL01$h1743
=CAT  \\$aBATCH-UPD$b00$c20131119$lBLL01$h1952
=CAT  \\$aIPL-CLA$c20131231$lBLL01$h2358
=CAT  \\$aBATCH-UPD$b00$c20141124$lBLL01$h1754
=CAT  \\$aBLDSS-3PM$b00$c20141130$lBLL01$h1249
=CAT  \\$aIPL-CLA$c20141231$lBLL01$h1653
=CAT  \\$aBATCH-UPD$b00$c20151119$lBLL01$h1534
=CAT  \\$a8124$b40$c20151201$lBLL01$h1227
=CAT  \\$aIPL-CLA$c20151231$lBLL01$h1923
=CAT  \\$a14448$b40$c20160126$lBLL01$h1659
=CAT  \\$aBATCH-UPD$b40$c20160726$lBLL01$h1445
=CAT  \\$aBATCH-UPD$b40$c20161122$lBLL01$h1500
=CAT  \\$aIPL-CLA$c20161230$lBLL01$h2150
=CAT  \\$aBATCH-UPD$b00$c20171121$lBLL01$h1639
=CAT  \\$aW1711-1005$c20171206$lBLL01$h1819
=CAT  \\$aIPL-CLA$c20171231$lBLL01$h1650
=CAT  \\$aBATCH-UPD$b00$c20181217$lBLL01$h1648
=CAT  \\$aIPL-CLA$c20181231$lBLL01$h1543
=CAT  \\$aBATCH-UPD$b00$c20191122$lBLL01$h1910
=CAT  \\$aIPL-CLA$c20191231$lBLL01$h1937
=CAT  \\$aBATCH-UPD$b00$c20201118$lBLL01$h1344
=CAT  \\$aIPL-CLA$c20201231$lBLL01$h1529
=CAT  \\$aBATCH-UPD$b00$c20221121$lBLL01$h1334
=CAT  \\$aIPL-CLA$c20221231$lBLL01$h1447
=CFI  0\$aCurrent copyright fee: GBP46.00$c2\0$e01-jan-2023$fGBP46.00$g0$hP$5Uk
=CFI  2\$aPrevious copyright fee: GBP44.00$c2\0$e01-jan-2021$fGBP44.00$g0$hP$5Uk
=EST  \\$a1
=FFP  \\$aY$bBLDSS-3PM
=FIN  \\$aY$d20051215
=MNI  \\$a1543-5075
=SID  \\$aZ39$bOCLC
=TCO  \\$aTRS$bCCC$c008
=TOC  \\$aETOC
=956  40$uhttp://www.tandfonline.com/toc/ljge20/current
=ACF  \\$aPrevious copyright fee: GBP21.00$c2\0$e01-jan-2010$fGBP21.00$g0$hP$5Uk
=ACF  \\$aPrevious copyright fee: GBP20.00$c2\0$e01-jan-2009$fGBP20.00$g0$hP$5Uk
=ACF  \\$aPrevious copyright fee: GBP19.00$c2\0$e01-apr-2008$fGBP19.00$g0$hP$5Uk
=ACF  \\$aPrevious copyright fee: GBP20.00$c2\0$e01-jan-2007$fGBP20.00$g0$hP$5Uk
=ACF  \\$aPrevious copyright fee: GBP18.00$c2\0$e20-may-2005$fGBP18.00$g0$hP$5Uk
=ACF  \\$aPrevious copyright fee: GBP25.00$c2\0$e01-jan-2011$fGBP25.00$g0$hP$5Uk
=ACF  \\$aPrevious copyright fee: GBP27.00$c2\0$e01-jan-2012$fGBP27.00$g0$hP$5Uk
=ACF  \\$aPrevious copyright fee: GBP27.50$c2\0$e01-jan-2013$fGBP27.50$g0$hP$5Uk
=ACF  \\$aPrevious copyright fee: GBP28.00$c2\0$e01-jan-2014$fGBP28.00$g0$hP$5Uk
=ACF  \\$aPrevious copyright fee: GBP30.00$c2\0$e01-jan-2015$fGBP30.00$g0$hP$5Uk
=ACF  \\$aPrevious copyright fee: GBP34.00$c2\0$e01-jan-2016$fGBP34.00$g0$hP$5Uk
=ACF  \\$aPrevious copyright fee: GBP36.00$c2\0$e01-jan-2017$fGBP36.00$g0$hP$5Uk
=ACF  \\$aPrevious copyright fee: GBP38.00$c2\0$e01-jan-2018$fGBP38.00$g0$hP$5Uk
=ACF  \\$aPrevious copyright fee: GBP40.00$c2\0$e01-jan-2019$fGBP40.00$g0$hP$5Uk
=ACF  \\$aPrevious copyright fee: GBP42.00$c2\0$e01-jan-2020$fGBP42.00$g0$hP$5Uk
=LAS  \\$aIPL-CLA$b00$c20221231$lBLL01$h1447

