=LDR  05260cas a2201177 a 4500
=001  013363524
=003  Uk
=005  20221231144713.0
=006  m\\\\\\\\d\\\\\\\\
=007  cr\|||||||||||
=008  001101c20019999xxumx\pso\\\\\0\\\a0eng\d
=FMT  \\$a  SE
=010  \\$a00215797
=015  \\$aGBB619705$2bnb
=022  0\$a1532-2289
=037  \\$aISSN_00387010$bPortico$nTaylor & Francis
=040  \\$aNSD$cNSD$dOCLCQ$dF#A$dOCLCQ$dUk
=042  \\$ansdp$aukblsr
=082  04$a543.5$222
=130  0\$aSpectroscopy letters (Online)
=210  0\$aSpectr. lett.$b(Online)
=222  \0$aSpectroscopy letters$b(Online)
=245  10$aSpectroscopy letters$h[electronic resource].
=260  \\$aNew York, NY :$bMarcel Dekker
=264  31$aPhiladelphia, PA :$bTaylor & Francis
=310  \\$aTen times a year,$b2014-
=321  \\$aSix no. a year,$b-2007
=321  \\$aEight times a year,$b2008-2013
=336  \\$atext$2rdacontent
=337  \\$acomputer$2rdamedia
=338  \\$aonline resource$2rdacarrier
=362  1\$aPrint began with vol. 1 (Jan. 1968).
=588  \\$aDescription based on: Vol. 34, issue 1 (2001); title from contents screen (viewed Mar. 8, 2001).
=588  \\$aLatest issue consulted: volume 49, issue 3 (2016) (Taylor & Francis Online, viewed February 5, 2016).
=530  \\$aAlso issued in print.
=538  \\$aMode of access: World Wide Web.
=540  \\$aCurrent copyright fee: GBP43.00$c2\0$5Uk
=650  \0$aSpectrum analysis$vPeriodicals.
=776  1\$tSpectroscopy letters$x0038-7010
=859  \\$aELD$bejournal
=856  \\$31850-9999$uhttp://www.tandfonline.com/$xBLDSS
=852  41$aBritish Library$bSTI$jELD Digital store$3Volume 49:Issue 1(2016)-
=852  41$aBritish Library$bDSC$j8411.120000$3Volume 39:Issue 1(2006)-Volume 44:Issue 7/8(2011)***See ESTAR for full holdings.
=945  \\$aSpectroscopy letters
=959  \\$fHeld but not currently received
=979  \\$aBritish Library$bDSC$j8411.120000
=CAT  \\$a3072$b40$c20051216$lBLL01$h1624
=CAT  \\$aIPL-CLA$c20141231$lBLL01$h1653
=CAT  \\$aBATCH-UPD$b00$c20151119$lBLL01$h1534
=CAT  \\$a14448$b40$c20151214$lBLL01$h1339
=CAT  \\$a14448$b40$c20151216$lBLL01$h0930
=CAT  \\$aIPL-CLA$c20151231$lBLL01$h1923
=CAT  \\$a14448$b40$c20160130$lBLL01$h1020
=CAT  \\$a11316$b40$c20160205$lBLL01$h1233
=CAT  \\$a5552$b40$c20160304$lBLL01$h0754
=CAT  \\$aIPL-CLA$c20160331$lBLL01$h1732
=CAT  \\$aBATCH-UPD$b00$c20160720$lBLL01$h2220
=CAT  \\$aBATCH-UPD$b00$c20161122$lBLL01$h1505
=CAT  \\$aIPL-CLA$c20161230$lBLL01$h2150
=CAT  \\$aBATCH-UPD$b00$c20171121$lBLL01$h1655
=CAT  \\$aW1711-1005$c20171206$lBLL01$h1819
=CAT  \\$aIPL-CLA$c20171231$lBLL01$h1650
=CAT  \\$aBATCH-UPD$b00$c20181217$lBLL01$h1644
=CAT  \\$aIPL-CLA$c20181231$lBLL01$h1543
=CAT  \\$aBATCH-UPD$b00$c20191122$lBLL01$h1906
=CAT  \\$aIPL-CLA$c20191231$lBLL01$h1937
=CAT  \\$a5410$b40$c20200220$lBLL01$h0910
=CAT  \\$aBATCH-UPD$b40$c20201118$lBLL01$h1341
=CAT  \\$aIPL-CLA$c20201231$lBLL01$h1529
=CAT  \\$a5410$b40$c20221022$lBLL01$h1213
=CAT  \\$aBATCH-UPD$b40$c20221121$lBLL01$h1339
=CAT  \\$aIPL-CLA$c20221231$lBLL01$h1447
=CFI  0\$aCurrent copyright fee: GBP43.00$c2\0$e01-jan-2023$fGBP43.00$g0$hP$5Uk
=CFI  2\$aPrevious copyright fee: GBP41.00$c2\0$e01-jan-2021$fGBP41.00$g0$hP$5Uk
=EST  \\$a1
=FFP  \\$aY$bBLDSS-3PM
=FIN  \\$aY$d20051216
=LET  \0$aSpectroscopy letters (Electronic)
=MNI  \\$a0038-7010
=SID  \\$aZ39$bOCLC
=TCO  \\$aTRS$bCCC$c008
=TOC  \\$aETOC
=ACF  \\$aPrevious copyright fee: GBP21.00$c2\0$e01-jan-2010$fGBP21.00$g0$hP$5Uk
=ACF  \\$aPrevious copyright fee: GBP20.00$c2\0$e01-jan-2009$fGBP20.00$g0$hP$5Uk
=ACF  \\$aPrevious copyright fee: GBP19.00$c2\0$e01-apr-2008$fGBP19.00$g0$hP$5Uk
=ACF  \\$aPrevious copyright fee: GBP20.00$c2\0$e01-jan-2007$fGBP20.00$g0$hP$5Uk
=ACF  \\$aPrevious Copyright Fee: GBP18.00$c2\0$e27-apr-2006$fGBP18.00$g0$hP$5Uk
=ACF  \\$aCurrent Copyright Fee: GBP16.11$c0$e01-jan-2006$fGBP16.11$g0$hC$5Uk
=ACF  \\$aPrevious Copyright Fee: GBP15.68$c0$e01-oct-2005$fGBP15.68$g0$hC$5Uk
=ACF  \\$aPrevious copyright fee: GBP25.00$c2\0$e01-jan-2011$fGBP25.00$g0$hP$5Uk
=ACF  \\$aPrevious copyright fee: GBP27.00$c2\0$e01-jan-2012$fGBP27.00$g0$hP$5Uk
=ACF  \\$aPrevious copyright fee: GBP27.50$c2\0$e01-jan-2013$fGBP27.50$g0$hP$5Uk
=ACF  \\$aPrevious copyright fee: GBP28.00$c2\0$e01-jan-2014$fGBP28.00$g0$hP$5Uk
=ACF  \\$aPrevious copyright fee: GBP30.00$c2\0$e01-jan-2015$fGBP30.00$g0$hP$5Uk
=ACF  \\$aPrevious copyright fee: GBP34.00$c2\0$e01-jan-2016$fGBP34.00$g0$hP$5Uk
=ACF  \\$aPrevious copyright fee: GBP31.00$c2\0$e01-apr-2016$fGBP31.00$g0$hP$5Uk
=ACF  \\$aPrevious copyright fee: GBP33.00$c2\0$e01-jan-2017$fGBP33.00$g0$hP$5Uk
=ACF  \\$aPrevious copyright fee: GBP35.00$c2\0$e01-jan-2018$fGBP35.00$g0$hP$5Uk
=ACF  \\$aPrevious copyright fee: GBP37.00$c2\0$e01-jan-2019$fGBP37.00$g0$hP$5Uk
=ACF  \\$aPrevious copyright fee: GBP39.00$c2\0$e01-jan-2020$fGBP39.00$g0$hP$5Uk
=LAS  \\$aIPL-CLA$b00$c20221231$lBLL01$h1447

