=LDR  05618cas a2201201 i 4500
=001  013363542
=003  Uk
=005  20221231144713.0
=006  m\\\\\\\\d\\\\\\\\
=007  cr\|||||||||||
=008  040908c20039999enkbx\pss\\\\\0\\\a0eng\c
=FMT  \\$a  SE
=010  \\$a2004262243
=015  \\$aGBA607325$2bnb
=022  0\$a1478-9957
=037  \\$aISSN_14789949$bPortico$nTaylor & Francis
=040  \\$aCGU$cCGU$dOCL$dOCLCQ$dOCL$dUk
=042  \\$aukblsr
=082  04$a614.1$222
=130  0\$aJournal of forensic psychiatry & psychology (Online)
=210  0\$aJ. forens. psychiatry psychol.$b(Online)
=222  \4$aThe journal of forensic psychiatry & psychology$b(Online)
=245  14$aThe journal of forensic psychiatry & psychology$h[electronic resource].
=246  3\$aJournal of forensic psychiatry and psychology
=260  \\$aAbingdon, Oxon, UK :$bBrunnerRoutledge,$cc2003-
=310  \\$aSix issues yearly,$b2009-
=321  \\$aQuarterly,$b2004-2008
=321  \\$aThree issues per year,$b2003
=336  \\$atext$2rdacontent
=337  \\$acomputer$2rdamedia
=338  \\$aonline resource$2rdacarrier
=362  0\$aVol. 14, no. 1 (Apr. 2003).
=500  \\$aTitle from journal information screen (MetaPress website, viewed on Sept. 8 2004).
=588  \\$aLatest issue consulted: volume 27, issue 2 (2016)(Taylor & Francis Online, viewed April, 12, 2016).
=530  \\$aAlso issued in print.
=538  \\$aMode of access: World Wide Web.
=540  \\$aCurrent copyright fee: GBP37.00$c2\0$5Uk
=650  \0$aForensic psychiatry$vPeriodicals.
=650  \0$aForensic psychology$vPeriodicals.
=776  1\$tJournal of forensic psychiatry & psychology$x1478-9949
=780  00$tJournal of forensic psychiatry (Online)$x1469-9478
=859  \\$aELD$bejournal
=856  \\$31850-9999$uhttp://www.tandfonline.com/$xBLDSS
=852  41$aBritish Library$bSTI$jELD Digital store$3Volume 27:Issue 1(2016)-***Transferred from print***Previous issues available in print copy
=852  41$aBritish Library$bDSC$j4984.597100$3Volume 17:Issue 1(2006)-Volume 22:Issue 6(2011)***See ESTAR for full holdings.
=945  \\$aJournal of forensic psychiatry and psychology
=959  \\$fHeld but not currently received
=985  \\$aISSN responsibility transferred from ISSN UK Centre to U.S. ISSN Center Taylor & Francis, Multinational Publisher List, Summer 2016
=CAT  \\$a6550$b40$c20051216$lBLL01$h1655
=CAT  \\$aIPL-CLA$c20131231$lBLL01$h2358
=CAT  \\$aWR14_140$c20140905$lBLL01$h1810
=CAT  \\$aBATCH-UPD$b00$c20141124$lBLL01$h1803
=CAT  \\$aBLDSS-3PM$b00$c20141130$lBLL01$h1249
=CAT  \\$aIPL-CLA$c20141231$lBLL01$h1653
=CAT  \\$aBATCH-UPD$b00$c20151119$lBLL01$h1543
=CAT  \\$aIPL-CLA$c20151231$lBLL01$h1923
=CAT  \\$a14448$b40$c20160121$lBLL01$h1226
=CAT  \\$a8483$b40$c20160412$lBLL01$h1353
=CAT  \\$aBATCH-UPD$b40$c20160522$lBLL01$h2348
=CAT  \\$aW1607-0553$c20160818$lBLL01$h0910
=CAT  \\$aW1607-0553$c20160818$lBLL01$h0915
=CAT  \\$aBATCH-UPD$b00$c20161122$lBLL01$h1512
=CAT  \\$aIPL-CLA$c20161230$lBLL01$h2150
=CAT  \\$aBATCH-UPD$b00$c20171121$lBLL01$h1647
=CAT  \\$aW1711-1005$c20171206$lBLL01$h1819
=CAT  \\$aIPL-CLA$c20171231$lBLL01$h1650
=CAT  \\$aBATCH-UPD$b00$c20181217$lBLL01$h1638
=CAT  \\$aIPL-CLA$c20181231$lBLL01$h1543
=CAT  \\$aBATCH-UPD$b00$c20191122$lBLL01$h1900
=CAT  \\$aIPL-CLA$c20191231$lBLL01$h1937
=CAT  \\$aBATCH-UPD$b00$c20201118$lBLL01$h1334
=CAT  \\$aIPL-CLA$c20201231$lBLL01$h1529
=CAT  \\$aBATCH-UPD$b00$c20221121$lBLL01$h1347
=CAT  \\$aIPL-CLA$c20221231$lBLL01$h1447
=CFI  0\$aCurrent copyright fee: GBP37.00$c2\0$e01-jan-2023$fGBP37.00$g0$hP$5Uk
=CFI  2\$aPrevious copyright fee: GBP35.00$c2\0$e01-jan-2021$fGBP35.00$g0$hP$5Uk
=EST  \\$a1
=FFP  \\$aY$bBLDSS-3PM
=FIN  \\$aY$d20051216
=LEO  \\$aMP22.0000070090
=LET  \0$aJournal of forensic psychiatry & psychology (Electronic)
=MNI  \\$a1478-9949
=SID  \\$aZ39$bOCLC
=SRC  \\$aISN01$bbibmp22.200404.2.aa
=TCO  \\$aCLA$bCLA$c008
=TOC  \\$aETOC
=ACF  \\$aPrevious copyright fee: GBP21.00$c2\0$e01-jan-2010$fGBP21.00$g0$hP$5Uk
=ACF  \\$aPrevious copyright fee: GBP20.00$c2\0$e01-jan-2009$fGBP20.00$g0$hP$5Uk
=ACF  \\$aPrevious copyright fee: GBP19.00$c2\0$e01-apr-2008$fGBP19.00$g0$hP$5Uk
=ACF  \\$aPrevious copyright fee: GBP20.00$c2\0$e01-jan-2007$fGBP20.00$g0$hP$5Uk
=ACF  \\$aPrevious copyright fee: GBP18.00$c2\0$e01-jan-2005$fGBP18.00$g0$hP$5Uk
=ACF  \\$aPrevious copyright fee: GBP25.00$c2\0$e01-jan-2011$fGBP25.00$g0$hP$5Uk
=ACF  \\$aPrevious copyright fee: GBP27.50$c2\0$e01-jan-2013$fGBP27.50$g0$hP$5Uk
=ACF  \\$aPrevious copyright fee: GBP27.00$c2\0$e01-jan-2012$fGBP27.00$g0$hP$5Uk
=ACF  \\$aPrevious copyright fee: GBP23.50$c2\0$e05-nov-2013$fGBP23.50$g0$hP$5Uk
=ACF  \\$aPrevious copyright fee: GBP24.00$c2\0$e01-jan-2014$fGBP24.00$g0$hP$5Uk
=ACF  \\$aPrevious copyright fee: GBP25.00$c2\0$e01-jan-2015$fGBP25.00$g0$hP$5Uk
=ACF  \\$aPrevious copyright fee: GBP26.00$c2\0$e01-jan-2016$fGBP26.00$g0$hP$5Uk
=ACF  \\$aPrevious copyright fee: GBP28.00$c2\0$e01-jan-2017$fGBP28.00$g0$hP$5Uk
=ACF  \\$aPrevious copyright fee: GBP30.00$c2\0$e01-jan-2018$fGBP30.00$g0$hP$5Uk
=ACF  \\$aPrevious copyright fee: GBP32.00$c2\0$e01-jan-2019$fGBP32.00$g0$hP$5Uk
=ACF  \\$aPrevious copyright fee: GBP34.00$c2\0$e01-jan-2020$fGBP34.00$g0$hP$5Uk
=LAS  \\$aIPL-CLA$b00$c20221231$lBLL01$h1447

