=LDR  05248cas a2201165 a 4500
=001  013363689
=003  Uk
=005  20221231144714.0
=006  m\\\\\\\\d\\\\\\\\
=007  cr\|||||||||||
=008  021023c20039999xxuqx\pso\\\\\0\\\a0eng\c
=FMT  \\$a  SE
=010  \\$a2002215351
=015  \\$aGBB5H9175$2bnb
=022  0\$a1542-2127
=037  \\$aISSN_15422119$bPortico$nTaylor & Francis
=040  \\$aNSD$cNSD$dOCLCQ$dOC$dUk
=042  \\$aukblsr
=050  14$aTP156.S45
=082  04$a660.2842$222
=130  0\$aSeparation and purification reviews (Online)
=222  \0$aSeparation and purification reviews$b(Online)
=245  10$aSeparation and purification reviews$h[electronic resource].
=246  1\$iMinor title change:$aSeparation & purification reviews
=260  \\$aNew York, NY :$bMarcel Dekker, Inc.,$cc2003-
=264  31$3<2012->$aPhiladelphia, PA :$bTaylor & Francis
=310  \\$aFour issues yearly,$b2006-
=321  \\$aTwo no. a year,$b-2005
=336  \\$atext$2rdacontent
=337  \\$acomputer$2rdamedia
=338  \\$aonline resource$2rdacarrier
=362  0\$aVol. 32, no. 1 (2003)-
=500  \\$aTitle from journal information screen (FirstSearch, viewed Dec. 16, 2004).
=530  \\$aAlso issued in print.
=538  \\$aMode of access: World Wide Web.
=588  \\$aLatest issue consulted: volume 45, issue 2 (2016) (Taylor & Francis Online, viewed December 14, 2015).
=540  \\$aCurrent copyright fee: GBP43.00$c2\0$5Uk
=650  \0$aSeparation (Technology)$vPeriodicals.
=650  \0$aChemicals$xPurification$vPeriodicals.
=776  1\$tSeparation and purification reviews$x1542-2119
=780  00$tSeparation and purification methods (Online)$x1525-6022
=859  \\$aELD$bejournal
=856  \\$31850-9999$uhttp://www.tandfonline.com/$xBLDSS
=852  41$aBritish Library$bSTI$jELD Digital store$3Volume 45:Issue 1(2016)-
=852  41$aBritish Library$bDSC$j8242.231000$3Volume 35:Issue 1(2006)-Volume 40:Issue 4(2011)***See ESTAR for full holdings.
=945  \\$aSeparation and purification reviews
=959  \\$fHeld but not currently received
=CAT  \\$a8141$b40$c20051219$lBLL01$h0946
=CAT  \\$a11316$b40$c20151214$lBLL01$h1433
=CAT  \\$a14448$b40$c20151214$lBLL01$h1503
=CAT  \\$aIPL-CLA$c20151231$lBLL01$h1923
=CAT  \\$a14448$b40$c20160130$lBLL01$h1122
=CAT  \\$a5552$b40$c20160304$lBLL01$h0743
=CAT  \\$aIPL-CLA$c20160331$lBLL01$h1732
=CAT  \\$aBATCH-UPD$b00$c20161023$lBLL01$h0810
=CAT  \\$aBATCH-UPD$b00$c20161122$lBLL01$h1505
=CAT  \\$aIPL-CLA$c20161230$lBLL01$h2150
=CAT  \\$aBATCH-UPD$b00$c20171121$lBLL01$h1655
=CAT  \\$aW1711-1005$c20171206$lBLL01$h1819
=CAT  \\$aIPL-CLA$c20171231$lBLL01$h1650
=CAT  \\$aBATCH-UPD$b00$c20181217$lBLL01$h1644
=CAT  \\$aIPL-CLA$c20181231$lBLL01$h1543
=CAT  \\$aBATCH-UPD$b00$c20191122$lBLL01$h1906
=CAT  \\$aIPL-CLA$c20191231$lBLL01$h1937
=CAT  \\$a5410$b40$c20200303$lBLL01$h1125
=CAT  \\$aBATCH-UPD$b40$c20201118$lBLL01$h1341
=CAT  \\$aIPL-CLA$c20201231$lBLL01$h1529
=CAT  \\$a10973$b40$c20210426$lBLL01$h1123
=CAT  \\$a12654$b40$c20210802$lBLL01$h1028
=CAT  \\$a5410$b40$c20210922$lBLL01$h1340
=CAT  \\$a5410$b40$c20211005$lBLL01$h0910
=CAT  \\$aBATCH-UPD$b40$c20221121$lBLL01$h1339
=CAT  \\$aIPL-CLA$c20221231$lBLL01$h1447
=CFI  0\$aCurrent copyright fee: GBP43.00$c2\0$e01-jan-2023$fGBP43.00$g0$hP$5Uk
=CFI  2\$aPrevious copyright fee: GBP41.00$c2\0$e01-jan-2021$fGBP41.00$g0$hP$5Uk
=EST  \\$a1
=FFP  \\$aY$bBLDSS-3PM
=FIN  \\$aY$d20051219
=LET  \0$aSeparation & purification methods (Electronic)
=MNI  \\$a1542-2119
=SID  \\$aZ39$bOCLC
=TCO  \\$aTRS$bCCC$c008
=TOC  \\$aETOC
=ACF  \\$aPrevious copyright fee: GBP21.00$c2\0$e01-jan-2010$fGBP21.00$g0$hP$5Uk
=ACF  \\$aPrevious copyright fee: GBP20.00$c2\0$e01-jan-2009$fGBP20.00$g0$hP$5Uk
=ACF  \\$aPrevious copyright fee: GBP19.00$c2\0$e01-apr-2008$fGBP19.00$g0$hP$5Uk
=ACF  \\$aPrevious copyright fee: GBP20.00$c2\0$e01-jan-2007$fGBP20.00$g0$hP$5Uk
=ACF  \\$aPrevious copyright fee: GBP18.00$c2\0$e23-may-2005$fGBP18.00$g0$hP$5Uk
=ACF  \\$aPrevious copyright fee: GBP25.00$c2\0$e01-jan-2011$fGBP25.00$g0$hP$5Uk
=ACF  \\$aPrevious copyright fee: GBP27.00$c2\0$e01-jan-2012$fGBP27.00$g0$hP$5Uk
=ACF  \\$aPrevious copyright fee: GBP27.50$c2\0$e01-jan-2013$fGBP27.50$g0$hP$5Uk
=ACF  \\$aPrevious copyright fee: GBP28.00$c2\0$e01-jan-2014$fGBP28.00$g0$hP$5Uk
=ACF  \\$aPrevious copyright fee: GBP30.00$c2\0$e01-jan-2015$fGBP30.00$g0$hP$5Uk
=ACF  \\$aPrevious copyright fee: GBP34.00$c2\0$e01-jan-2016$fGBP34.00$g0$hP$5Uk
=ACF  \\$aPrevious copyright fee: GBP31.00$c2\0$e01-apr-2016$fGBP31.00$g0$hP$5Uk
=ACF  \\$aPrevious copyright fee: GBP33.00$c2\0$e01-jan-2017$fGBP33.00$g0$hP$5Uk
=ACF  \\$aPrevious copyright fee: GBP35.00$c2\0$e01-jan-2018$fGBP35.00$g0$hP$5Uk
=ACF  \\$aPrevious copyright fee: GBP37.00$c2\0$e01-jan-2019$fGBP37.00$g0$hP$5Uk
=ACF  \\$aPrevious copyright fee: GBP39.00$c2\0$e01-jan-2020$fGBP39.00$g0$hP$5Uk
=LAS  \\$aIPL-CLA$b00$c20221231$lBLL01$h1447

