=LDR  05027cas a2201141 a 4500
=001  013364161
=003  Uk
=005  20230930080846.0
=006  m\\\\\\\\d\\\\\\\\
=007  cr\mnu||||||||
=008  020713c19899999enkmr\pss\\\\\0\\\a0eng\d
=FMT  \\$a  SE
=015  \\$aGBA607450$2bnb
=022  \\$a1029-2403$y1042-8194
=037  \\$aISSN_10428194_98$bPortico$nInforma Healthcare
=037  3\$aISSN_10428194$bPortico$nTaylor & Francis
=040  \\$aF#A$cF#A$dOCLCQ$dHUA$dOCLCS$dUk
=042  \\$aukblsr
=082  04$a616.99419$222
=130  0\$aLeukemia & lymphoma (Online)
=222  \0$aLeukemia and lymphoma$b(Online)
=245  10$aLeukemia & lymphoma$h[electronic resource].
=246  3\$aLeukemia and lymphoma
=246  3\$aLeukaemia and lymphoma
=260  \\$aAmsterdam :$bHarwood Academic
=260  \\$a[London] :$bInforma Healthcare
=260  2\$a[London] :$bGordon and Breach
=264  31$aAbingdon :$bTaylor & Francis$c[2015]-
=310  \\$aMonthly
=336  \\$atext$2rdacontent
=337  \\$acomputer$2rdamedia
=338  \\$aonline resource$2rdacarrier
=362  1\$aPrint began with vol. 1, no. 1, published in 1989.
=588  \\$aDescription based on: Vol. 42, no. 6 (2001); title from journal information screen (viewed July 3, 2002).
=588  \\$aLatest issue consulted: Vol. 52, no. 3 (Mar. 2011) (Informa Healthcare, viewed Feb. 16, 2011).
=530  \\$aAlso issued in print.
=538  \\$aMode of access: World Wide Web.
=540  \\$aCurrent copyright fee: GBP46.00$c2\0$5Uk
=650  \0$aLeukemia$vPeriodicals.
=650  \0$aLymphomas$vPeriodicals.
=776  1\$tLeukemia and lymphoma$x1042-8194
=859  \\$aELD$bejournal
=856  \\$31850-9999$uhttp://informahealthcare.com$xBLDSS
=852  41$aBritish Library$bSTI$jELD Digital store$3Volume 54:Issue 4(2013:Apr.)-***Previous issues available in print copy
=852  41$aBritish Library$bDSC$j5185.251500$3Volume 45:Issue 7(2004)-Volume 58:Issue 12(2017)***See ESTAR for full holdings.
=945  \\$aLEUKEMIA AND LYMPHOMA
=959  \\$fHeld but not currently received
=979  \\$aBritish Library$bDSC$j5185.251500
=985  \\$aCONFERENCE ANALYTIC RECORDS EXIST
=CAT  \\$a11281$b40$c20051219$lBLL01$h1433
=CAT  \\$aIPL-CLA$c20150331$lBLL01$h1642
=CAT  \\$a8439$b40$c20151111$lBLL01$h1643
=CAT  \\$aBATCH-UPD$b40$c20151119$lBLL01$h1559
=CAT  \\$a14448$b40$c20151205$lBLL01$h0842
=CAT  \\$aIPL-CLA$c20151231$lBLL01$h1923
=CAT  \\$a14448$b40$c20160204$lBLL01$h1049
=CAT  \\$a14448$b40$c20160205$lBLL01$h0959
=CAT  \\$a11433$b40$c20160418$lBLL01$h1206
=CAT  \\$aBATCH-UPD$b40$c20160522$lBLL01$h2348
=CAT  \\$aBATCH-UPD$b40$c20160524$lBLL01$h2148
=CAT  \\$aBATCH-UPD$b40$c20161122$lBLL01$h1538
=CAT  \\$aIPL-CLA$c20161230$lBLL01$h2150
=CAT  \\$aBATCH-UPD$b00$c20171121$lBLL01$h1718
=CAT  \\$aW1711-1005$c20171206$lBLL01$h1819
=CAT  \\$aIPL-CLA$c20171231$lBLL01$h1650
=CAT  \\$aBATCH-UPD$b00$c20181217$lBLL01$h1705
=CAT  \\$aIPL-CLA$c20181231$lBLL01$h1543
=CAT  \\$aW1811-111$c20190203$lBLL01$h0956
=CAT  \\$aBATCH-UPD$b00$c20210126$lBLL01$h1323
=CAT  \\$aIPL-CLA$c20210126$lBLL01$h1447
=CAT  \\$aBATCH-UPD$b00$c20221121$lBLL01$h1423
=CAT  \\$aIPL-CLA$c20221231$lBLL01$h1447
=CAT  \\$a5410$b40$c20230429$lBLL01$h1234
=CAT  \\$aR2308-1440$c20230824$lBLL01$h0928
=CAT  \\$aIPL-CLA$c20230930$lBLL01$h0808
=CFI  0\$aCurrent copyright fee: GBP46.00$c2\0$e01-oct-2023$fGBP46.00$g0$hP$5Uk
=CFI  2\$aPrevious copyright fee: GBP46.00$c45\0$e01-jan-2023$fGBP46.00$g0$hP$5Uk
=EST  \\$a1
=FFP  \\$aY$bBLDSS-3PM
=FIN  \\$aY$d20051219
=LKR  \\$aPAR$b011122611$lBLL01$nLeukemia & lymphoma (Print)$mLeukemia & lymphoma (Online)$r776
=MNI  \\$a1042-8194
=SID  \\$aZ39$bOCLC
=TCO  \\$aCLA$bCLA$c008
=TOC  \\$aETOC
=ACF  \\$aPrevious copyright fee: GBP19.00$c2\0$e01-apr-2008$fGBP19.00$g0$hP$5Uk
=ACF  \\$aPrevious copyright fee: GBP20.00$c2\0$e01-jan-2007$fGBP20.00$g0$hP$5Uk
=ACF  \\$aPrevious copyright fee: GBP18.00$c2\0$e01-jan-2005$fGBP18.00$g0$hP$5Uk
=ACF  \\$aCurrent copyright fee: GBP20.00$c2\0$e01-jan-2009$fGBP20.00$g0$hP$5Uk
=ACF  \\$aPrevious copyright fee: GBP33.00$c45\0$e10-nov-2009$fGBP33.00$g0$hP$5Uk
=ACF  \\$aPrevious copyright fee: GBP34.00$c45\0$e01-apr-2014$fGBP34.00$g0$hP$5Uk
=ACF  \\$aPrevious copyright fee: GBP33.00$c45\0$e01-apr-2015$fGBP33.00$g0$hP$5Uk
=ACF  \\$aPrevious copyright fee: GBP34.00$c45\0$e01-jan-2016$fGBP34.00$g0$hP$5Uk
=ACF  \\$aPrevious copyright fee: GBP36.00$c45\0$e01-jan-2017$fGBP36.00$g0$hP$5Uk
=ACF  \\$aPrevious copyright fee: GBP38.00$c45\0$e01-jan-2018$fGBP38.00$g0$hP$5Uk
=ACF  \\$aPrevious copyright fee: GBP40.00$c45\0$e01-jan-2019$fGBP40.00$g0$hP$5Uk
=ACF  \\$aPrevious copyright fee: GBP44.00$c45\0$e26-jan-2021$fGBP44.00$g0$hP$5Uk
=LAS  \\$aIPL-CLA$b00$c20230930$lBLL01$h0808

