=LDR  06246cas a2201249 a 4500
=001  013364359
=003  Uk
=005  20230307004347.0
=006  m\\\\\\\\d\\\\\\\\
=007  cr\|||||||||||
=008  021015c19769999nyumr\pss\\\\\0\\\a0eng\d
=FMT  \\$a  SE
=015  \\$aGBB622812$2bnb
=022  \\$a1532-4109
=037  \\$aISSN_03601234$bPortico$nTaylor & Francis
=040  \\$aTXA$cTXA$dOCLCQ$dOCL$dVAM$dUk
=042  \\$aukblsr
=082  04$a363.73$222
=130  0\$aJournal of environmental science and health.$nPart B,$pPesticides, food contaminants, and agricultural wastes (Online)
=222  \0$aJournal of environmental science and health. Part B. Pesticides, food contaminants, and agricultural wastes$b(Online)
=245  10$aJournal of environmental science and health.$nPart B,$ppesticides, food contaminants, and agricultural wastes$h[electronic resource].
=246  30$aPesticides, food contaminants, and agricultural wastes
=260  \\$aNew York :$bMarcel Dekker
=264  31$a[Abingdon?] :$bTaylor & Francis
=310  \\$aMonthly,$b2013-
=321  \\$aEight issues yearly,$b2006-2011
=321  \\$aBimonthly$b-2005
=336  \\$atext$2rdacontent
=337  \\$acomputer$2rdamedia
=338  \\$aonline resource$2rdacarrier
=362  1\$aPrint began in 1976.
=588  \\$aDescription based on: Vol. 36, no. 1 (2001); title from journal contents screen (viewed Oct. 15, 2002).
=588  \\$aLatest issue consulted: volume 51, issue 4 (2016)(Taylor & Francis Online, viewed February 11, 2016).
=530  \\$aAlso issued in print.
=538  \\$aMode of access: World Wide Web.
=580  \\$aOriginal print version of this title was preceded in part by an earlier title called: Environmental letters.
=540  \\$aCurrent copyright fee: GBP43.00$c2\0$5Uk
=650  \0$aPesticides$xEnvironmental aspects$vPeriodicals.
=650  \0$aFood contamination$vPeriodicals.
=650  \0$aAgricultural wastes$xEnvironmental aspects$vPeriodicals.
=650  \2$aEcology$vperiodicals.
=650  \2$aPesticides$xtoxicity$vperiodicals.
=650  \2$aFood Contamination$vperiodicals.
=710  2\$aMarcel Dekker, Inc.
=776  1\$tJournal of environmental science and health. Part B, pesticides, food contaminants, and agricultural wastes$x0360-1234
=859  \\$aELD$bejournal
=856  \\$31850-9999$uhttp://www.tandfonline.com/$xBLDSS
=852  41$aBritish Library$bHMNTS$jELD Digital store$3Volume 51:Issue 1(2016)-***Transferred from print***Previous issues available in print copy
=852  41$aBritish Library$bDSC$j4979.394000$3Volume 41:Issue 1(2006)-Volume 52:Issue 12(2017)***See ESTAR for full holdings.
=945  \\$aJournal of environmental science and health Part B pesticides food contaminants and agricultural wastes
=959  \\$fHeld but not currently received
=979  \\$aBritish Library$bDSC$j4979.394000
=CAT  \\$a6550$b40$c20051219$lBLL01$h1621
=CAT  \\$aIPL-CLA$c20151231$lBLL01$h1923
=CAT  \\$a14448$b40$c20160121$lBLL01$h1159
=CAT  \\$a8055$b40$c20160126$lBLL01$h1300
=CAT  \\$a8483$b40$c20160211$lBLL01$h1438
=CAT  \\$a8483$b40$c20160211$lBLL01$h1452
=CAT  \\$a14412$b40$c20160225$lBLL01$h1034
=CAT  \\$a5552$b40$c20160302$lBLL01$h1551
=CAT  \\$aIPL-CLA$c20160331$lBLL01$h1732
=CAT  \\$aBATCH-UPD$b00$c20160613$lBLL01$h1157
=CAT  \\$a8483$b40$c20160614$lBLL01$h1444
=CAT  \\$aBATCH-UPD$b40$c20161122$lBLL01$h1505
=CAT  \\$aIPL-CLA$c20161230$lBLL01$h2150
=CAT  \\$aBATCH-UPD$b00$c20171121$lBLL01$h1655
=CAT  \\$aW1711-1005$c20171206$lBLL01$h1819
=CAT  \\$aIPL-CLA$c20171231$lBLL01$h1650
=CAT  \\$aBATCH-UPD$b00$c20181217$lBLL01$h1644
=CAT  \\$aIPL-CLA$c20181231$lBLL01$h1543
=CAT  \\$aW1811-111$c20190203$lBLL01$h0956
=CAT  \\$aBATCH-UPD$b00$c20191122$lBLL01$h1906
=CAT  \\$aIPL-CLA$c20191231$lBLL01$h1937
=CAT  \\$aBATCH-UPD$b00$c20201118$lBLL01$h1341
=CAT  \\$aIPL-CLA$c20201231$lBLL01$h1529
=CAT  \\$aBATCH-UPD$b00$c20221121$lBLL01$h1339
=CAT  \\$aIPL-CLA$c20221231$lBLL01$h1447
=CAT  \\$a5410$b40$c20230307$lBLL01$h0043
=CFI  0\$aCurrent copyright fee: GBP43.00$c2\0$e01-jan-2023$fGBP43.00$g0$hP$5Uk
=CFI  2\$aPrevious copyright fee: GBP41.00$c2\0$e01-jan-2021$fGBP41.00$g0$hP$5Uk
=EST  \\$a1
=FFP  \\$aY$bBLDSS-3PM
=FIN  \\$aY$d20051219
=LET  \0$aJournal of environmental science and health. Part B, Pesticides, food contaminants, and agricultural wastes (Electronic)
=MNI  \\$a0360-1234
=SID  \\$aZ39$bOCLC
=TCO  \\$aTRS$bCCC$c008
=TOC  \\$aETOC
=ACF  \\$aPrevious copyright fee: GBP21.00$c2\0$e01-jan-2010$fGBP21.00$g0$hP$5Uk
=ACF  \\$aPrevious copyright fee: GBP20.00$c2\0$e01-jan-2009$fGBP20.00$g0$hP$5Uk
=ACF  \\$aPrevious copyright fee: GBP19.00$c2\0$e01-apr-2008$fGBP19.00$g0$hP$5Uk
=ACF  \\$aPrevious copyright fee: GBP20.00$c2\0$e01-jan-2007$fGBP20.00$g0$hP$5Uk
=ACF  \\$aPrevious Copyright Fee: GBP18.00$c2\0$e26-apr-2006$fGBP18.00$g0$hP$5Uk
=ACF  \\$aCurrent Copyright Fee: GBP16.11$c0$e01-jan-2006$fGBP16.11$g0$hC$5Uk
=ACF  \\$aPrevious Copyright Fee: GBP15.68$c0$e01-oct-2005$fGBP15.68$g0$hC$5Uk
=ACF  \\$aPrevious copyright fee: GBP25.00$c2\0$e01-jan-2011$fGBP25.00$g0$hP$5Uk
=ACF  \\$aPrevious copyright fee: GBP27.00$c2\0$e01-jan-2012$fGBP27.00$g0$hP$5Uk
=ACF  \\$aPrevious copyright fee: GBP27.50$c2\0$e01-jan-2013$fGBP27.50$g0$hP$5Uk
=ACF  \\$aPrevious copyright fee: GBP28.00$c2\0$e01-jan-2014$fGBP28.00$g0$hP$5Uk
=ACF  \\$aPrevious copyright fee: GBP30.00$c2\0$e01-jan-2015$fGBP30.00$g0$hP$5Uk
=ACF  \\$aPrevious copyright fee: GBP34.00$c2\0$e01-jan-2016$fGBP34.00$g0$hP$5Uk
=ACF  \\$aPrevious copyright fee: GBP31.00$c2\0$e01-apr-2016$fGBP31.00$g0$hP$5Uk
=ACF  \\$aPrevious copyright fee: GBP33.00$c2\0$e01-jan-2017$fGBP33.00$g0$hP$5Uk
=ACF  \\$aPrevious copyright fee: GBP35.00$c2\0$e01-jan-2018$fGBP35.00$g0$hP$5Uk
=ACF  \\$aPrevious copyright fee: GBP37.00$c2\0$e01-jan-2019$fGBP37.00$g0$hP$5Uk
=ACF  \\$aPrevious copyright fee: GBP39.00$c2\0$e01-jan-2020$fGBP39.00$g0$hP$5Uk
=LAS  \\$a5410$b40$c20230307$lBLL01$h0043

