=LDR  04873cas a2201081 a 4500
=001  013365187
=003  Uk
=005  20221231144716.0
=006  m\\\\\\\\d\\\\\\\\
=007  cr||||||||||||
=008  990722c19799999enkqr\pss\\\\\0\\\a0eng\d
=FMT  \\$a  SE
=015  \\$aGBA607804$2bnb
=022  \\$a1521-0537$y0145-7632
=037  \\$aISSN_01457632$bPortico$nTaylor & Francis
=040  \\$aF#A$cF#A$dEYM$dOCLCQ$dUk
=042  \\$aukblsr
=082  04$a621.4022$223
=130  0\$aHeat transfer engineering (Online)
=222  \0$aHeat transfer engineering$b(Online)
=245  10$aHeat transfer engineering$h[electronic resource].
=260  \\$a[London] :$bTaylor & Francis
=310  \\$aQuarterly
=336  \\$atext$2rdacontent
=337  \\$acomputer$2rdamedia
=338  \\$aonline resource$2rdacarrier
=362  1\$aPrint began in 1979.
=500  \\$aDescription based on: Vol. 20, no. 1 (1999); title from journal information screen (viewed June 7, 1999).
=588  \\$aLatest issue consulted: volume 37, issue 6 (2016) (Taylor & Francis Online, viewed December 21, 2015).
=530  \\$aAlso issued in print.
=538  \\$aMode of access: World Wide Web.
=540  \\$aCurrent copyright fee: GBP43.00$c2\0$5Uk
=650  \0$aHeat$xTransmission$vPeriodicals.
=776  1\$tHeat transfer engineering$x0145-7632
=856  \\$31850-9999$uhttp://www.tandfonline.com/$xBLDSS
=859  \\$aELD$bejournal
=852  41$aBritish Library$bHMNTS$jELD Digital store$3Volume 37:Issue 1(2016)-***Previous issues available in print copy
=852  41$aBritish Library$bDSC$j4276.093800$3Volume 27:Issue 1(2006)-Volume 32:Issue 13/14(2011)***See ESTAR for full holdings.
=945  \\$aHEAT TRANSFER ENGINEERING.
=959  \\$fHeld but not currently received
=CAT  \\$a11439$b40$c20051220$lBLL01$h1559
=CAT  \\$aBLDSS-3PM$b00$c20141130$lBLL01$h1249
=CAT  \\$aIPL-CLA$c20141231$lBLL01$h1653
=CAT  \\$aBATCH-UPD$b00$c20151119$lBLL01$h1534
=CAT  \\$a5110$b40$c20151221$lBLL01$h1403
=CAT  \\$aIPL-CLA$c20151231$lBLL01$h1923
=CAT  \\$a8478$b40$c20160122$lBLL01$h0828
=CAT  \\$a11296$b40$c20160205$lBLL01$h1412
=CAT  \\$a11296$b40$c20160205$lBLL01$h1415
=CAT  \\$a5552$b40$c20160302$lBLL01$h1059
=CAT  \\$aWR16_048$c20160322$lBLL01$h1614
=CAT  \\$aIPL-CLA$c20160331$lBLL01$h1732
=CAT  \\$aBATCH-UPD$b00$c20160725$lBLL01$h1005
=CAT  \\$aBATCH-UPD$b00$c20161122$lBLL01$h1505
=CAT  \\$aIPL-CLA$c20161230$lBLL01$h2150
=CAT  \\$aBATCH-UPD$b00$c20171121$lBLL01$h1655
=CAT  \\$aW1711-1005$c20171206$lBLL01$h1819
=CAT  \\$aIPL-CLA$c20171231$lBLL01$h1650
=CAT  \\$aBATCH-UPD$b00$c20181217$lBLL01$h1644
=CAT  \\$aIPL-CLA$c20181231$lBLL01$h1543
=CAT  \\$aBATCH-UPD$b00$c20191122$lBLL01$h1906
=CAT  \\$aIPL-CLA$c20191231$lBLL01$h1937
=CAT  \\$aBATCH-UPD$b00$c20201118$lBLL01$h1341
=CAT  \\$aIPL-CLA$c20201231$lBLL01$h1529
=CAT  \\$aBATCH-UPD$b00$c20221121$lBLL01$h1339
=CAT  \\$aIPL-CLA$c20221231$lBLL01$h1447
=CFI  0\$aCurrent copyright fee: GBP43.00$c2\0$e01-jan-2023$fGBP43.00$g0$hP$5Uk
=CFI  2\$aPrevious copyright fee: GBP41.00$c2\0$e01-jan-2021$fGBP41.00$g0$hP$5Uk
=EST  \\$a1
=FFP  \\$aY$bBLDSS-3PM
=FIN  \\$aY$d20051220
=MNI  \\$a0145-7632
=SID  \\$aZ39$bOCLC
=TCO  \\$aCLA$bCLA$c008
=TCO  \\$aTRS$bCCC$c008
=TOC  \\$aETOC
=ACF  \\$aPrevious copyright fee: GBP21.00$c2\0$e01-jan-2010$fGBP21.00$g0$hP$5Uk
=ACF  \\$aPrevious copyright fee: GBP20.00$c2\0$e01-jan-2009$fGBP20.00$g0$hP$5Uk
=ACF  \\$aPrevious copyright fee: GBP19.00$c2\0$e01-apr-2008$fGBP19.00$g0$hP$5Uk
=ACF  \\$aPrevious copyright fee: GBP20.00$c2\0$e01-jan-2007$fGBP20.00$g0$hP$5Uk
=ACF  \\$aPrevious copyright fee: GBP18.00$c2\0$e01-jan-2005$fGBP18.00$g0$hP$5Uk
=ACF  \\$aPrevious copyright fee: GBP25.00$c2\0$e01-jan-2011$fGBP25.00$g0$hP$5Uk
=ACF  \\$aPrevious copyright fee: GBP27.00$c2\0$e01-jan-2012$fGBP27.00$g0$hP$5Uk
=ACF  \\$aPrevious copyright fee: GBP27.50$c2\0$e01-jan-2013$fGBP27.50$g0$hP$5Uk
=ACF  \\$aPrevious copyright fee: GBP28.00$c2\0$e01-jan-2014$fGBP28.00$g0$hP$5Uk
=ACF  \\$aPrevious copyright fee: GBP30.00$c2\0$e01-jan-2015$fGBP30.00$g0$hP$5Uk
=ACF  \\$aPrevious copyright fee: GBP34.00$c2\0$e01-jan-2016$fGBP34.00$g0$hP$5Uk
=ACF  \\$aPrevious copyright fee: GBP31.00$c2\0$e01-apr-2016$fGBP31.00$g0$hP$5Uk
=ACF  \\$aPrevious copyright fee: GBP33.00$c2\0$e01-jan-2017$fGBP33.00$g0$hP$5Uk
=ACF  \\$aPrevious copyright fee: GBP35.00$c2\0$e01-jan-2018$fGBP35.00$g0$hP$5Uk
=ACF  \\$aPrevious copyright fee: GBP37.00$c2\0$e01-jan-2019$fGBP37.00$g0$hP$5Uk
=ACF  \\$aPrevious copyright fee: GBP39.00$c2\0$e01-jan-2020$fGBP39.00$g0$hP$5Uk
=LAS  \\$aIPL-CLA$b00$c20221231$lBLL01$h1447

