=LDR  05119cas a2201117 a 4500
=001  013367959
=003  Uk
=005  20221231144718.0
=006  m\\\\\\\\d\\\\\\\\
=007  cr\|||||||||||
=008  031022c20049999paubx\pso\\\\\0\\\a0eng\c
=FMT  \\$a  SE
=010  \\$a2003215726
=015  \\$aGBB680040$2bnb
=022  0\$a1547-2442
=037  \\$aISSN_15472450$bPortico$nTaylor & Francis
=040  \\$aNSD$cNSD$dOCLCQ$dDLC$dUk
=042  \\$aukblsr$ansdp
=082  04$a388.312$222
=130  0\$aJournal of intelligent transportation systems (Online)
=222  \0$aJournal of intelligent transportation systems$b(Online)
=245  10$aJournal of intelligent transportation systems$h[electronic resource].
=260  \\$aPhiladelphia, PA :$bTaylor and Francis, Inc.
=310  \\$aSix issues yearly
=321  \\$aQuarterly
=336  \\$atext$2rdacontent
=337  \\$acomputer$2rdamedia
=338  \\$aonline resource$2rdacarrier
=362  1\$aPrint began with vol. 8, no.1 (Jan. 2004).
=538  \\$aMode of access: World Wide Web.
=588  \\$aDescription based on print version record.
=588  \\$aLatest issue consulted: volume 20, issue 3 (2016) (Taylor & Francis Online, viewed June 14, 2016).
=540  \\$aCurrent copyright fee: GBP43.00$c2\0$5Uk
=650  \0$aIntelligent transportation systems$vPeriodicals.
=650  \0$aTransportation$xTechnological innovations$vPeriodicals.
=776  08$iAlso issued in print as:$tJournal of intelligent transportation systems$x1547-2450
=780  00$tITS journal (Online)$x1563-5082
=856  \\$31850-9999$uhttp://www.tandfonline.com/$xBLDSS
=859  \\$aELD$bejournal
=852  41$aBritish Library$bHMNTS$jELD Digital store$3Volume 20:Issue 1(2016)-
=852  41$aBritish Library$bDSC$j5007.538900$3Volume 10:Issue 1(2006)-Volume 15:Issue 4(2011)***See ESTAR for full holdings.
=945  \\$aJournal of intelligent transportation systems
=959  \\$fHeld but not currently received
=CAT  \\$a3072$b40$c20051222$lBLL01$h1505
=CAT  \\$aIPL-CLA$c20131231$lBLL01$h2358
=CAT  \\$aBATCH-UPD$b00$c20141124$lBLL01$h1754
=CAT  \\$aBLDSS-3PM$b00$c20141130$lBLL01$h1249
=CAT  \\$aIPL-CLA$c20141231$lBLL01$h1653
=CAT  \\$aBATCH-UPD$b00$c20151119$lBLL01$h1534
=CAT  \\$aIPL-CLA$c20151231$lBLL01$h1923
=CAT  \\$a8411$b40$c20160119$lBLL01$h1705
=CAT  \\$a14448$b40$c20160129$lBLL01$h1145
=CAT  \\$a5552$b40$c20160303$lBLL01$h0907
=CAT  \\$aIPL-CLA$c20160331$lBLL01$h1732
=CAT  \\$a8483$b40$c20160614$lBLL01$h1021
=CAT  \\$a8483$b40$c20160614$lBLL01$h1051
=CAT  \\$aBATCH-UPD$b40$c20161122$lBLL01$h1505
=CAT  \\$aIPL-CLA$c20161230$lBLL01$h2151
=CAT  \\$aBATCH-UPD$b00$c20171121$lBLL01$h1655
=CAT  \\$aW1711-1005$c20171206$lBLL01$h1819
=CAT  \\$aIPL-CLA$c20171231$lBLL01$h1650
=CAT  \\$aBATCH-UPD$b00$c20181217$lBLL01$h1644
=CAT  \\$aIPL-CLA$c20181231$lBLL01$h1543
=CAT  \\$aBATCH-UPD$b00$c20191122$lBLL01$h1906
=CAT  \\$aIPL-CLA$c20191231$lBLL01$h1937
=CAT  \\$aBATCH-UPD$b00$c20201118$lBLL01$h1341
=CAT  \\$aIPL-CLA$c20201231$lBLL01$h1529
=CAT  \\$aBATCH-UPD$b00$c20221121$lBLL01$h1339
=CAT  \\$aIPL-CLA$c20221231$lBLL01$h1447
=CFI  0\$aCurrent copyright fee: GBP43.00$c2\0$e01-jan-2023$fGBP43.00$g0$hP$5Uk
=CFI  2\$aPrevious copyright fee: GBP41.00$c2\0$e01-jan-2021$fGBP41.00$g0$hP$5Uk
=EST  \\$a1
=FFP  \\$aY$bBLDSS-3PM
=FIN  \\$aY$d20051222
=LET  \0$aJournal of intelligence transportation systems (Electronic)
=MNI  \\$a1547-2450
=SID  \\$aZ39$bOCLC
=TCO  \\$aTRS$bCCC$c008
=TOC  \\$aETOC
=ACF  \\$aPrevious copyright fee: GBP21.00$c2\0$e01-jan-2010$fGBP21.00$g0$hP$5Uk
=ACF  \\$aPrevious copyright fee: GBP20.00$c2\0$e01-jan-2009$fGBP20.00$g0$hP$5Uk
=ACF  \\$aPrevious copyright fee: GBP19.00$c2\0$e01-apr-2008$fGBP19.00$g0$hP$5Uk
=ACF  \\$aPrevious copyright fee: GBP20.00$c2\0$e01-jan-2007$fGBP20.00$g0$hP$5Uk
=ACF  \\$aPrevious copyright fee: GBP18.00$c2\0$e01-jan-2005$fGBP18.00$g0$hP$5Uk
=ACF  \\$aPrevious copyright fee: GBP25.00$c2\0$e01-jan-2011$fGBP25.00$g0$hP$5Uk
=ACF  \\$aPrevious copyright fee: GBP27.00$c2\0$e01-jan-2012$fGBP27.00$g0$hP$5Uk
=ACF  \\$aPrevious copyright fee: GBP27.50$c2\0$e01-jan-2013$fGBP27.50$g0$hP$5Uk
=ACF  \\$aPrevious copyright fee: GBP28.00$c2\0$e01-jan-2014$fGBP28.00$g0$hP$5Uk
=ACF  \\$aPrevious copyright fee: GBP30.00$c2\0$e01-jan-2015$fGBP30.00$g0$hP$5Uk
=ACF  \\$aPrevious copyright fee: GBP34.00$c2\0$e01-jan-2016$fGBP34.00$g0$hP$5Uk
=ACF  \\$aPrevious copyright fee: GBP31.00$c2\0$e01-apr-2016$fGBP31.00$g0$hP$5Uk
=ACF  \\$aPrevious copyright fee: GBP33.00$c2\0$e01-jan-2017$fGBP33.00$g0$hP$5Uk
=ACF  \\$aPrevious copyright fee: GBP35.00$c2\0$e01-jan-2018$fGBP35.00$g0$hP$5Uk
=ACF  \\$aPrevious copyright fee: GBP37.00$c2\0$e01-jan-2019$fGBP37.00$g0$hP$5Uk
=ACF  \\$aPrevious copyright fee: GBP39.00$c2\0$e01-jan-2020$fGBP39.00$g0$hP$5Uk
=LAS  \\$aIPL-CLA$b00$c20221231$lBLL01$h1447

