=LDR  05253cas a2201153 a 4500
=001  013367962
=003  Uk
=005  20230930080851.0
=006  m\\\\\\\\d\\\\\\\\
=007  cr||||||||||||
=008  000224c19999999enkqr\pss\\\\\0\\\a0eng\d
=FMT  \\$a  SE
=015  \\$aGBB605149$2bnb
=022  \\$a1651-2278
=037  \\$aISSN_14036096$bPortico$nTaylor & Francis
=040  \\$aF#A$cF#A$dOCLCQ$dUk
=042  \\$aukblsr
=082  04$a363.51$223
=130  0\$aHousing, theory and society (Online)
=222  \0$aHousing, theory and society$b(Online)
=245  10$aHousing, theory and society$h[electronic resource].
=260  \\$a[Oslo, Norway] :$bScandinavian University Press,$cc1999-
=264  31$aAbingdon :$bRoutledge, Taylor & Francis Group
=310  \\$aQuarterly
=336  \\$atext$2rdacontent
=337  \\$acomputer$2rdamedia
=338  \\$aonline resource$2rdacarrier
=362  1\$aPrint began with vol. 16, no. 1 (1999).
=500  \\$aTitle from journal information screen (viewed Feb. 21, 2000).
=588  \\$aLatest issue consulted: volume 31, issue 1 (2016) (Taylor & Francis Online, viewed January 8, 2016).
=530  \\$aAlso issued in print.
=538  \\$aMode of access: World Wide Web.
=580  \\$aIncludes issues of earlier title : [Scandinavian housing and planning research].
=540  \\$aCurrent copyright fee: GBP37.00$c2\0$5Uk
=650  \0$aHousing$vPeriodicals.
=650  \0$aCity planning$vPeriodicals.
=650  \0$aHousing$xEconomic aspects$vPeriodicals.
=650  \0$aHousing policy$vPeriodicals.
=690  7\$aSocial Welfare$2blcoll
=776  1\$tHousing, theory and society$x1403-6096
=780  10$tScandinavian housing and planning research.$x0281-5737
=859  \\$aELD$bejournal
=856  \\$31850-9999$uhttp://www.tandfonline.com/$xBLDSS
=852  41$aBritish Library$bHMNTS$jELD Digital store$3Volume 33:Issue 1(2016)-***Previous issues available in print copy
=852  \\$aBritish Library$bDSC$j4335.152221$3Volume 23:Issue 1(2006)-Volume 28:Issue 4(2011)***See ESTAR for full holdings.
=945  \\$aHOUSING THEORY AND SOCIETY.
=959  \\$fHeld but not currently received
=CAT  \\$a11279$b40$c20051222$lBLL01$h1512
=CAT  \\$aBATCH-UPD$b00$c20141124$lBLL01$h1747
=CAT  \\$aBLDSS-3PM$b00$c20141130$lBLL01$h1249
=CAT  \\$aIPL-CLA$c20141231$lBLL01$h1653
=CAT  \\$aBATCH-UPD$b00$c20151119$lBLL01$h1529
=CAT  \\$aIPL-CLA$c20151231$lBLL01$h1923
=CAT  \\$a5110$b40$c20160108$lBLL01$h1422
=CAT  \\$aBATCH-SWP$c20160115$lBLL01$h2215
=CAT  \\$a11147$b40$c20160125$lBLL01$h1147
=CAT  \\$a8037$b40$c20160208$lBLL01$h0730
=CAT  \\$aBATCH-UPD$b40$c20160603$lBLL01$h2055
=CAT  \\$aBATCH-UPD$b40$c20161122$lBLL01$h1455
=CAT  \\$aIPL-CLA$c20161230$lBLL01$h2151
=CAT  \\$aBATCH-UPD$b00$c20171121$lBLL01$h1633
=CAT  \\$aW1711-1005$c20171206$lBLL01$h1819
=CAT  \\$aIPL-CLA$c20171231$lBLL01$h1650
=CAT  \\$aBATCH-UPD$b00$c20181217$lBLL01$h1631
=CAT  \\$aIPL-CLA$c20181231$lBLL01$h1543
=CAT  \\$aBATCH-UPD$b00$c20191122$lBLL01$h1852
=CAT  \\$aIPL-CLA$c20191231$lBLL01$h1937
=CAT  \\$aBATCH-UPD$b00$c20201118$lBLL01$h1326
=CAT  \\$aIPL-CLA$c20201231$lBLL01$h1529
=CAT  \\$aBATCH-UPD$b00$c20221121$lBLL01$h1328
=CAT  \\$aIPL-CLA$c20221231$lBLL01$h1447
=CAT  \\$aR2308-1440$c20230824$lBLL01$h0928
=CAT  \\$aIPL-CLA$c20230930$lBLL01$h0808
=CFI  0\$aCurrent copyright fee: GBP37.00$c2\0$e01-oct-2023$fGBP37.00$g0$hP$5Uk
=CFI  2\$aPrevious copyright fee: GBP37.00$c15\0$e01-jan-2023$fGBP37.00$g0$hP$5Uk
=EST  \\$a1
=FFP  \\$aY$bBLDSS-3PM
=FIN  \\$aY$d20051222
=MNI  \\$a1403-6096
=SID  \\$aZ39$bOCLC
=TCO  \\$aXXX$c008
=TOC  \\$aETOC
=ACF  \\$aPrevious copyright fee: GBP17.00$c15\0$e01-jan-2010$fGBP17.00$g0$hP$5Uk
=ACF  \\$aPrevious copyright fee: GBP16.00$c15\0$e01-jan-2009$fGBP16.00$g0$hP$5Uk
=ACF  \\$aPrevious copyright fee: GBP15.00$c15\0$e01-apr-2008$fGBP15.00$g0$hP$5Uk
=ACF  \\$aPrevious copyright fee: GBP16.00$c15\0$e01-jan-2007$fGBP16.00$g0$hP$5Uk
=ACF  \\$aPrevious copyright fee: GBP13.00$c15\0$e01-jan-2005$fGBP13.00$g0$hP$5Uk
=ACF  \\$aPrevious copyright fee: GBP21.00$c15\0$e01-jan-2011$fGBP21.00$g0$hP$5Uk
=ACF  \\$aPrevious copyright fee: GBP23.00$c15\0$e01-jan-2012$fGBP23.00$g0$hP$5Uk
=ACF  \\$aPrevious copyright fee: GBP23.50$c15\0$e01-jan-2013$fGBP23.50$g0$hP$5Uk
=ACF  \\$aPrevious copyright fee: GBP24.00$c15\0$e01-jan-2014$fGBP24.00$g0$hP$5Uk
=ACF  \\$aPrevious copyright fee: GBP25.00$c15\0$e01-jan-2015$fGBP25.00$g0$hP$5Uk
=ACF  \\$aPrevious copyright fee: GBP26.00$c15\0$e01-jan-2016$fGBP26.00$g0$hP$5Uk
=ACF  \\$aPrevious copyright fee: GBP28.00$c15\0$e01-jan-2017$fGBP28.00$g0$hP$5Uk
=ACF  \\$aPrevious copyright fee: GBP30.00$c15\0$e01-jan-2018$fGBP30.00$g0$hP$5Uk
=ACF  \\$aPrevious copyright fee: GBP32.00$c15\0$e01-jan-2019$fGBP32.00$g0$hP$5Uk
=ACF  \\$aPrevious copyright fee: GBP34.00$c15\0$e01-jan-2020$fGBP34.00$g0$hP$5Uk
=ACF  \\$aPrevious copyright fee: GBP35.00$c15\0$e01-jan-2021$fGBP35.00$g0$hP$5Uk
=LAS  \\$aIPL-CLA$b00$c20230930$lBLL01$h0808

