=LDR  05453cas a2201237 a 4500
=001  013477090
=003  Uk
=005  20221205115313.0
=006  m\\\\\o\\d\\\\\\\\
=007  cr\mnu||||||||
=008  060524c19729999xxubr\p\o\\\\\0\\\a0eng\\
=FMT  \\$a  SE
=010  \\$a2001234447$z2006264635
=015  \\$aGBB349041$2bnb
=022  0\$a1552-6909$l0090-0311$y0884-2175$y0090-0311$21
=035  \\$a(OCoLC)42585068$z(OCoLC)47716160$z(OCoLC)71324830
=037  \\$aISSN_08842175_2$bPortico$nWiley
=040  \\$aPIT$beng$cPIT$dOCL$dHUL$dOCLCQ$dF#A$dMXC$dNSD$dOCLCQ$dDLC$dOCLCS$dDLC$dSBH$dMYG$dNSD$dOCLCQ$dTEF$dOCLCQ$dUk
=042  \\$aukblsr
=050  10$aISSN RECORD
=050  \4$aRG951$b.J15 (Internet)
=082  04$a618.2$223
=130  0\$aJournal of obstetric, gynecologic, and neonatal nursing (Online)
=210  0\$aJ. obstet. gynecol. neonatal nurs.$b(Online)
=222  \0$aJournal of obstetric, gynecologic, and neonatal nursing$b(Online)
=245  10$aJournal of obstetric, gynecologic, and neonatal nursing$h[electronic resource] :$bJOGNN.
=246  3\$aJOGN nursing
=246  13$aJOGNN
=246  13$aJournal of obstetric, gynecologic, & neonatal nursing
=260  \\$a[Philadelphia] :$bLippincott Williams & Wilkins
=310  \\$aBimonthly,$b<1997->
=321  \\$aNine no. a year,$b<-1996>
=336  \\$atext$2rdacontent
=337  \\$acomputer$2rdamedia
=338  \\$aonline resource$2rdacarrier
=362  1\$aPrint began with vol. 1, no. 1 (June 1972).
=516  \\$aPDF format
=500  \\$aPublished by Sage, Thousand, Oaks, CA <Sept. 2004->
=530  \\$aAlso issued in print.
=538  \\$aMode of access: World Wide Web.
=550  \\$aOfficial journal of the Association of Women's Health, Obstetric, and Neonatal Nurses (AWHONN).
=588  \\$aDescription based on: Vol. 25, no. 1 (Jan. 1996); title from journal information screen.
=588  \\$aLatest issue consulted: Vol. 33, issue 5 (Sept./Oct. 2004).
=540  \\$aCurrent copyright fee: GBP34.30$c5\1$5Uk
=650  \0$aMaternity nursing$vPeriodicals.
=650  \0$aGynecologic nursing$vPeriodicals.
=650  \0$aNewborn infants$xCare$vPeriodicals.
=650  \0$aPediatric nursing$vPeriodicals.
=650  12$aGenital Diseases, Female$xnursing.
=650  22$aObstetrical Nursing.
=650  22$aPediatric Nursing.
=710  2\$aAssociation of Women's Health, Obstetric, and Neonatal Nurses.
=776  1\$tJournal of obstetric, gynecologic, and neonatal nursing$x0884-2175
=776  1\$tJOGN nursing$x0090-0311
=780  05$tAWHONN's clinical issues in perinatal and women's health$g1994$x1066-3614
=859  \\$aELD$bejournal
=856  \\$31850-9999$uhttp://onlinelibrary.wiley.com/$xBLDSS
=852  41$aBritish Library$bDSC$j4670.352000$3Volume 35:Issue 1(2006)-Volume 46:Issue 6(2017)***See ESTAR for full holdings.
=852  41$aBritish Library$bHMNTS$jELD Digital store$3Volume 42:Issue 1(2013)-Volume 44:Issue 6(2015)
=945  \\$aJOGNN
=959  \\$fHeld but not currently received
=979  \\$aBritish Library$bDSC$j4670.352000
=CAT  \\$a8439$b40$c20060524$lBLL01$h1645
=CAT  \\$aBATCH-UPD$b40$c20081119$lBLL01$h1455
=CAT  \\$aBATCH-UPD$b40$c20081231$lBLL01$h2324
=CAT  \\$aBATCH-UPD$b40$c20090101$lBLL01$h0055
=CAT  \\$aBATCH$b00$c20090101$lBLL01$h0231
=CAT  \\$aBATCH-UPD$b00$c20101116$lBLL01$h1328
=CAT  \\$aWR10_164$c20101215$lBLL01$h1511
=CAT  \\$aIPL-CLA$c20101231$lBLL01$h1519
=CAT  \\$aBATCH-CLA$b00$c20121109$lBLL01$h1726
=CAT  \\$a8201$b40$c20130520$lBLL01$h0926
=CAT  \\$aWR13.114$c20130717$lBLL01$h1313
=CAT  \\$aBATCH-PORT$c20130829$lBLL01$h1114
=CAT  \\$aWR14_009$c20140204$lBLL01$h2342
=CAT  \\$aBLDSS-3PM$b00$c20141214$lBLL01$h1523
=CAT  \\$aBATCH-UPD$b00$c20150215$lBLL01$h1627
=CAT  \\$aIPL-CLA$c20150228$lBLL01$h2050
=CAT  \\$a5552$b40$c20151211$lBLL01$h0858
=CAT  \\$aBATCH-UPD$b40$c20160522$lBLL01$h2349
=CAT  \\$aBATCH-UPD$b40$c20171121$lBLL01$h1746
=CAT  \\$aW1711-1005$c20171206$lBLL01$h1819
=CAT  \\$aIPL-CLA$c20171231$lBLL01$h1655
=CAT  \\$aW1805-0471$c20180520$lBLL01$h1139
=CAT  \\$aBATCH-UPD$b00$c20190521$lBLL01$h1438
=CAT  \\$aIPL-CLA$c20190630$lBLL01$h1536
=CAT  \\$aBATCH-UPD$b00$c20211119$lBLL01$h1555
=CAT  \\$aIPL-CLA$c20211231$lBLL01$h1543
=CAT  \\$a5410$b40$c20221205$lBLL01$h1153
=CFI  0\$aCurrent copyright fee: GBP34.30$c5\1$e01-jan-2022$fGBP34.30$g0$hP$5Uk
=CFI  2\$aPrevious copyright fee: GBP32.84$c5\1$e01-jul-2019$fGBP32.84$g0$hP$5Uk
=EST  \\$a1
=FFP  \\$aY$bBLDSS-3PM
=FIN  \\$aY$d20130520
=LKR  \\$aPAR$b010483270$lBLL01$r776$mJournal of obstetric gynecologic & neonatal nursing$nJOGNN.
=MNI  \\$a0884-2175
=SID  \\$aZ39$bOCLC
=TCO  \\$aTRS$bCCC$c008
=TOC  \\$aETOC
=ACF  \\$aPrevious Copyright Fee: GBP16.00$c10\0$e25-may-2006$fGBP16.00$g0$hP$5Uk
=ACF  \\$aPrevious copyright fee: GBP17.00$c10\0$e01-jan-2009$fGBP17.00$g0$hP$5Uk
=ACF  \\$aPrevious copyright fee: GBP24.00$c10\0$e01-mar-2015$fGBP24.00$g0$hP$5Uk
=ACF  \\$aPrevious copyright fee: GBP22.00$c10\0$e01-jan-2011$fGBP22.00$g0$hP$5Uk
=ACF  \\$aPrevious copyright fee: GBP22.50$c5\1$e11-dec-2015$fGBP22.50$g0$hP$5Uk
=ACF  \\$aPrevious copyright fee: GBP23.40$c5\1$e01-jan-2018$fGBP23.40$g0$hP$5Uk
=LAS  \\$a5410$b40$c20221205$lBLL01$h1153

