=LDR  05863cas a2201201 a 4500
=001  013481410
=003  Uk
=005  20221231144739.0
=006  m\\\\\\\\d\\\\\\\\
=007  cr\|||||||||||
=008  050712c20069999pauer\pss\\\\\0\\\a0eng\c
=FMT  \\$a  SE
=010  \\$a2005214437
=015  \\$aGBA651698$2bnb
=022  0\$a1556-7230
=037  \\$aISSN_15567036$bPortico$nTaylor & Francis
=040  \\$aNSD$beng$cUk$dNSD$dNSD$dNYP
=042  \\$aukblsr
=082  04$a333.7905$222
=130  0\$aEnergy sources. Part A , Recovery, utilization, and environmental effects (Online)
=222  \0$aEnergy sources. Part A , Recovery, utilization, and environmental effects$b(Online)
=245  10$aEnergy sources.$nPart A,$pRecovery, utilization, and environmental effects$h[electronic resource].
=246  30$aRecovery, utilization, and environmental effects
=260  \\$aPhiladelphia :$bTaylor and Francis,$c2006-
=310  \\$aFortnightly
=321  \\$aQuarterly
=336  \\$atext$2rdacontent
=337  \\$acomputer$2rdamedia
=338  \\$aonline resource$2rdacarrier
=362  0\$aVol. 28, no. 1 (Jan. 7 2006)-
=500  \\$aTitle from publisher's Web site.
=588  \\$aLatest issue consulted: volume 38, issue 4 (2016) (Taylor & Francis Online, viewed February 29, 2016).
=538  \\$aMode of access: World Wide Web.
=540  \\$aCurrent copyright fee: GBP43.00$c2\0$5Uk
=650  \0$aNatural resources$vPeriodicals.
=650  \0$aEnergy consumption$vPeriodicals.
=650  \0$aEnergy consumption$xClimatic factors$vPeriodicals.
=650  \0$aEnergy conversion$vPeriodicals.
=650  \0$aEnergy conversion$xEnvironment aspects$vPeriodicals.
=650  \0$aPower (Mechanics)$vPeriodicals.
=776  08$iAlso issued in print as:$tEnergy sources, Part A, Recovery, utilization, and environmental effects$x1556-7036
=780  07$tEnergy sources (Online)$x1521-0510
=856  40$31850-9999$uhttp://www.tandfonline.com/$xBLDSS
=859  \\$aELD$bejournal
=852  41$aBritish Library$bSTI$jELD Digital store$3Volume 38:Issue 5(2016)-***Previous issues available in print copy
=852  41$aBritish Library$bDSC$j3747.793000$3Volume 28:Issue 1(2006)-Volume 39:Issue 24(2017)***See ESTAR for full holdings.
=945  \\$aEnergy sources Part A Recovery utilization and environmental effects
=959  \\$fHeld but not currently received
=979  \\$aBritish Library$bDSC$j3747.793000
=CAT  \\$a3072$b40$c20060531$lBLL01$h1330
=CAT  \\$aBATCH-UPD$b00$c20151006$lBLL01$h1436
=CAT  \\$aBATCH-UPD$b00$c20151119$lBLL01$h1535
=CAT  \\$aIPL-CLA$c20151231$lBLL01$h1924
=CAT  \\$a8464$b40$c20160113$lBLL01$h0844
=CAT  \\$a8464$b40$c20160204$lBLL01$h1055
=CAT  \\$a11205$b40$c20160229$lBLL01$h1342
=CAT  \\$a11205$b40$c20160229$lBLL01$h1404
=CAT  \\$a5552$b40$c20160301$lBLL01$h1534
=CAT  \\$aIPL-CLA$c20160331$lBLL01$h1734
=CAT  \\$aBATCH-UPD$b00$c20160520$lBLL01$h1710
=CAT  \\$aBATCH-UPD$b00$c20161122$lBLL01$h1505
=CAT  \\$aIPL-CLA$c20161230$lBLL01$h2157
=CAT  \\$aBATCH-UPD$b00$c20171121$lBLL01$h1655
=CAT  \\$aW1711-1005$c20171206$lBLL01$h1819
=CAT  \\$aIPL-CLA$c20171231$lBLL01$h1655
=CAT  \\$aBATCH-UPD$b00$c20181217$lBLL01$h1644
=CAT  \\$aIPL-CLA$c20181231$lBLL01$h1544
=CAT  \\$aW1811-111$c20190203$lBLL01$h0956
=CAT  \\$aBATCH-UPD$b00$c20191122$lBLL01$h1906
=CAT  \\$aIPL-CLA$c20191231$lBLL01$h1940
=CAT  \\$aBATCH-UPD$b00$c20201118$lBLL01$h1341
=CAT  \\$aIPL-CLA$c20201231$lBLL01$h1530
=CAT  \\$aBATCH-UPD$b00$c20221121$lBLL01$h1339
=CAT  \\$a5410$b40$c20221211$lBLL01$h1320
=CAT  \\$aIPL-CLA$c20221231$lBLL01$h1447
=CFI  0\$aCurrent copyright fee: GBP43.00$c2\0$e01-jan-2023$fGBP43.00$g0$hP$5Uk
=CFI  2\$aPrevious copyright fee: GBP41.00$c2\0$e01-jan-2021$fGBP41.00$g0$hP$5Uk
=EST  \\$a1
=FFP  \\$aY$bBLDSS-3PM
=FIN  \\$aY$d20060531
=LKR  \\$aPAR$b013352766$lBLL01$nEnergy sources (Online)$mEnergy sources, Part A, Recovery, utilization, and environmental effects (Online)$r780
=LKR  \\$aPAR$b017691393$lBLL01$nEnergy sources. Part A, Recovery, utilization, and environmental effects (Print)$mEnergy sources, Part A, Recovery, utilization, and environmental effects (Online)$r776
=MNI  \\$a1556-7036
=SID  \\$aZ39$bOCLC
=TCO  \\$aTRS$bCCC$c008
=TOC  \\$aETOC
=ACF  \\$aPrevious copyright fee: GBP21.00$c2\0$e01-jan-2010$fGBP21.00$g0$hP$5Uk
=ACF  \\$aPrevious copyright fee: GBP20.00$c2\0$e01-jan-2009$fGBP20.00$g0$hP$5Uk
=ACF  \\$aPrevious copyright fee: GBP19.00$c2\0$e01-apr-2008$fGBP19.00$g0$hP$5Uk
=ACF  \\$aPrevious copyright fee: GBP20.00$c2\0$e01-jan-2007$fGBP20.00$g0$hP$5Uk
=ACF  \\$aPrevious Copyright Fee: GBP18.00$c2\0$e12-jun-2006$fGBP18.00$g0$hP$5Uk
=ACF  \\$aPrevious copyright fee: GBP25.00$c2\0$e01-jan-2011$fGBP25.00$g0$hP$5Uk
=ACF  \\$aPrevious copyright fee: GBP27.00$c2\0$e01-jan-2012$fGBP27.00$g0$hP$5Uk
=ACF  \\$aPrevious copyright fee: GBP27.50$c2\0$e01-jan-2013$fGBP27.50$g0$hP$5Uk
=ACF  \\$aPrevious copyright fee: GBP28.00$c2\0$e01-jan-2014$fGBP28.00$g0$hP$5Uk
=ACF  \\$aPrevious copyright fee: GBP30.00$c2\0$e01-jan-2015$fGBP30.00$g0$hP$5Uk
=ACF  \\$aPrevious copyright fee: GBP34.00$c2\0$e01-jan-2016$fGBP34.00$g0$hP$5Uk
=ACF  \\$aPrevious Copyright Fee: GBP31.00$c2\0$e01-apr-2016$fGBP31.00$g0$hP$5Uk
=ACF  \\$aPrevious copyright fee: GBP33.00$c2\0$e01-jan-2017$fGBP33.00$g0$hP$5Uk
=ACF  \\$aPrevious copyright fee: GBP35.00$c2\0$e01-jan-2018$fGBP35.00$g0$hP$5Uk
=ACF  \\$aPrevious copyright fee: GBP37.00$c2\0$e01-jan-2019$fGBP37.00$g0$hP$5Uk
=ACF  \\$aPrevious copyright fee: GBP39.00$c2\0$e01-jan-2020$fGBP39.00$g0$hP$5Uk
=LAS  \\$aIPL-CLA$b00$c20221231$lBLL01$h1447

