=LDR  04815cas a2201141 a 4500
=001  013497390
=003  Uk
=005  20230520111826.0
=006  m\\\\\o\\d\\\\\\\\
=007  cr\cnu||||||||
=008  040806c19719999xxumr\pso\\\\\0\\\a0eng\c
=FMT  \\$a  SE
=010  \\$a2005216167
=015  \\$aGBB350512$2bnb
=022  0\$a1559-1816$l0021-9029$y0021-9029$21
=030  \\$aJASPBX
=035  \\$a(OCoLC)56106234$z(OCoLC)56053988$z(OCoLC)252417416
=037  \\$aISSN_00219029$bPortico$nWiley
=040  \\$aNTD$beng$cNTD$dOCLCQ$dNSD$dIWA$dMUQ$dOCL$dLGG$dOCLCQ$dUk
=042  \\$aukblsr
=050  10$aISSN RECORD
=050  14$aHM251
=060  00$aW1$bJO544G
=082  04$a302$223
=130  0\$aJournal of applied social psychology (Online)
=222  \0$aJournal of applied social psychology$b(Online)
=245  10$aJournal of applied social psychology$h[electronic resource].
=260  \\$aSilver Spring, Md. :$bV.H. Winston
=264  31$aMalden, MA :$bJohn Wiley & Sons Inc
=310  \\$aMonthly,$b<Apr. 1999->
=321  \\$aFrequency varies,$b1971-1990
=321  \\$a24 no. a year,$b1991-
=336  \\$atext$2rdacontent
=337  \\$acomputer$2rdamedia
=338  \\$aonline resource$2rdacarrier
=362  1\$aPrint began with vol. 1 (Jan./Mar. 1971).
=516  \\$aPDF format
=500  \\$aImprint varies: Columbia, Md. : Bellwether Publishing, <Jan. 2003>-.
=530  \\$aAlso issued in print.
=538  \\$aMode of access: World Wide Web.
=588  \\$aDescription based on: Vol. 33, no. 1 (Jan. 2003); title from issue contents page (Ingenta Select, viewed Aug. 5, 2004).
=588  \\$aLatest issue consulted: Vol. 43, issue 8 (August 2013); (Wiley Online Library, viewed August 22, 2013).
=540  \\$aCurrent copyright fee: GBP39.00$c35\0$5Uk
=650  \0$aSocial psychology$vPeriodicals.
=650  \2$aBehavior$vPeriodicals.
=650  \2$aPsychology, Social$vPeriodicals.
=690  7\$aSocial Welfare$2blcoll
=776  1\$tJournal of applied social psychology$x0021-9029
=859  \\$aELD$bejournal
=856  \\$31850-9999$uhttp://onlinelibrary.wiley.com/$xBLDSS
=852  41$aBritish Library$bHMNTS$jELD Digital store$3Volume 43:Issue 1(2013)-
=852  \\$aBritish Library$bDSC$j4947.080000$3Volume 12:Issue 1(1982)-Volume 48:Issue 2(2018)***See ESTAR for full holdings.
=945  \\$aJournal of applied social psychology
=959  \\$fHeld but not currently received
=979  \\$aBritish Library$bDSC$j4947.080000
=CAT  \\$a7174$b40$c20060623$lBLL01$h1202
=CAT  \\$aBATCH-SWP$c20130531$lBLL01$h2318
=CAT  \\$aWR13.114$c20130717$lBLL01$h1313
=CAT  \\$a8124$b40$c20130822$lBLL01$h0840
=CAT  \\$aBATCH-PORT$c20130829$lBLL01$h1113
=CAT  \\$aBATCH-CLA$b00$c20140125$lBLL01$h1306
=CAT  \\$aWR14_009$c20140204$lBLL01$h2342
=CAT  \\$aBATCH-CLA$c20140225$lBLL01$h2327
=CAT  \\$aBLDSS-3PM$b00$c20141214$lBLL01$h1523
=CAT  \\$aBATCH-UPD$b00$c20150215$lBLL01$h1627
=CAT  \\$aIPL-CLA$c20150228$lBLL01$h2050
=CAT  \\$aBATCH-UPD$b00$c20160518$lBLL01$h0905
=CAT  \\$aW1703-0316$c20170306$lBLL01$h1825
=CAT  \\$aW1703-0316$c20170307$lBLL01$h1648
=CAT  \\$aIPL-CLA$c20170307$lBLL01$h1824
=CAT  \\$aW1711-1005$c20171206$lBLL01$h1819
=CAT  \\$aBATCH-UPD$b00$c20180219$lBLL01$h1749
=CAT  \\$aW1805-0471$c20180520$lBLL01$h1139
=CAT  \\$aBATCH-UPD$b00$c20181121$lBLL01$h1622
=CAT  \\$aIPL-CLA$c20181231$lBLL01$h1544
=CAT  \\$aR1911-0245$c20191127$lBLL01$h0823
=CAT  \\$aR1911-0245$c20191127$lBLL01$h1045
=CAT  \\$aIPL-CLA$c20191231$lBLL01$h1940
=CAT  \\$aW2111-0842$c20211208$lBLL01$h1942
=CAT  \\$aIPL-CLA$c20211231$lBLL01$h1543
=CAT  \\$a5410$b40$c20230520$lBLL01$h1118
=CFI  0\$aCurrent copyright fee: GBP39.00$c35\0$e01-jan-2022$fGBP39.00$g0$hP$5Uk
=CFI  2\$aPrevious Copyright Fee: GBP32.00$c35\0$e01-jan-2020$fGBP32.00$g0$hP$5Uk
=EST  \\$a1
=FFP  \\$aY$bBLDSS-3PM
=FIN  \\$aY$d20130522
=LKR  \\$aPAR$b010488061$lBLL01$r776$mJournal of applied social psychology (Online)$nJournal of applied social psychology
=MNI  \\$a0021-9029
=TCO  \\$aTRS$bCCC$c008
=TOC  \\$aETOC
=UNO  \\$aY
=ACF  \\$aPrevious Copyright Fee: GBP16.00$c10\0$e23-jun-2006$fGBP16.00$g0$hP$5Uk
=ACF  \\$aPrevious copyright fee: GBP17.00$c10\0$e01-jan-2009$fGBP17.00$g0$hP$5Uk
=ACF  \\$aPrevious copyright fee: GBP22.00$c10\0$e01-jan-2011$fGBP22.00$g0$hP$5Uk
=ACF  \\$aPrevious copyright fee: GBP24.00$c10\0$e01-mar-2015$fGBP24.00$g0$hP$5Uk
=ACF  \\$aPrevious copyright fee: GBP24.00$c35\0$e07-mar-2017$fGBP24.00$g0$hP$5Uk
=ACF  \\$aPrevious copyright fee: GBP28.00$c35\0$e01-jan-2019$fGBP28.00$g0$hP$5Uk
=LAS  \\$a5410$b40$c20230520$lBLL01$h1118

