=LDR  04748cas a2201117 a 4500
=001  011459751
=003  Uk
=005  20230930080532.0
=006  m\\\\\\\\d\\\\\\\\
=007  cr\|n|||||||||
=008  751101c19729999enkmr\p\s\\\\\0\\\a0eng\d
=FMT  \\$a  SE
=015  \\$aGBB349007$2bnb
=022  0\$a1473-4877$y0300-7995$202
=030  \\$aCMROCX
=035  \\$a(OCoLC)629800437
=037  3\$aISSN_03007995_21$bPortico$nTaylor & Francis
=037  \\$aISSN_03007995$bPortico$nInforma Healthcare
=040  \\$aUk$cUk$dUk
=050  14$aR850.A1
=082  04$a615.5$222
=130  0\$aCurrent medical research and opinion (Online)
=210  0\$aCurr. med. res. opin.$b(Online)
=222  \0$aCurrent medical research and opinion$b(Online)
=245  10$aCurrent medical research and opinion$h[electronic resource].
=260  \\$aLondon :$bClayton-Wray
=260  2\$aBerkshire :$bLibrapharm Limited
=260  3\$3Mar. 2007-$aLondon :$bInforma Healthcare
=310  \\$aMonthly,$b2004-
=321  \\$aEight issues per year,$b2002-2003
=321  \\$aQuarterly,$b1999-2001
=321  \\$aIrregular,$b1972-1998
=336  \\$atext$2rdacontent
=337  \\$acomputer$2rdamedia
=338  \\$aonline resource$2rdacarrier
=362  0\$aVol. 1, no. 1 (1972)-
=500  \\$aTitle from contents page (viewed Feb. 4, 2010).
=500  \\$aLatest issue consulted: Vol. 26, no. 8 (Aug. 2010) (informa healthcare Website, viewed Aug. 4, 2010).
=538  \\$aMode of access: World Wide Web.
=540  \\$aCurrent copyright fee: GBP46.00$c2\0$5Uk
=650  \0$aClinical medicine$vPeriodicals.
=650  \0$aTherapeutics$vPeriodicals.
=776  0\$tCurrent medical research and opinion$x0300-7995
=859  \\$aELD$bejournal
=856  \\$31850-9999$uhttp://informahealthcare.com$xBLDSS
=852  41$aBritish Library$bHMNTS$jELD Digital store$3Volume 29:Number 4(2013:Apr.)-***Previous issues available in print copy
=852  41$aBritish Library$bDSC$j3500.301000$3Volume 21:Issue 2(2005)-Volume 27:Issue 12(2011)***See ESTAR for full holdings.
=945  \\$aCurrent medical research and opinion
=959  \\$fHeld but not currently received
=CAT  \\$aCONV$b00$c20040425$lBLL90$h0850
=CAT  \\$aIPL-CLA$c20140331$lBLL01$h1623
=CAT  \\$aBLDSS-3PM$b00$c20141121$lBLL01$h1801
=CAT  \\$a5552$b40$c20150209$lBLL01$h1128
=CAT  \\$aIPL-CLA$c20150331$lBLL01$h1629
=CAT  \\$aBATCH-UPD$b00$c20151119$lBLL01$h1559
=CAT  \\$a8411$b40$c20151125$lBLL01$h1453
=CAT  \\$aIPL-CLA$c20151231$lBLL01$h1916
=CAT  \\$a14448$b40$c20160204$lBLL01$h0922
=CAT  \\$a14448$b40$c20160205$lBLL01$h0937
=CAT  \\$a11433$b40$c20160415$lBLL01$h1439
=CAT  \\$aBATCH-UPD$b40$c20160522$lBLL01$h2345
=CAT  \\$aBATCH-UPD$b40$c20160524$lBLL01$h2148
=CAT  \\$aBATCH-UPD$b40$c20161122$lBLL01$h1538
=CAT  \\$aIPL-CLA$c20161230$lBLL01$h2021
=CAT  \\$aBATCH-UPD$b00$c20171121$lBLL01$h1717
=CAT  \\$aW1711-1005$c20171206$lBLL01$h1814
=CAT  \\$aIPL-CLA$c20171231$lBLL01$h1545
=CAT  \\$aBATCH-UPD$b00$c20181217$lBLL01$h1705
=CAT  \\$aIPL-CLA$c20181231$lBLL01$h1538
=CAT  \\$aBATCH-UPD$b00$c20210126$lBLL01$h1322
=CAT  \\$aIPL-CLA$c20210126$lBLL01$h1447
=CAT  \\$aBATCH-UPD$b00$c20221121$lBLL01$h1423
=CAT  \\$aIPL-CLA$c20221231$lBLL01$h1442
=CAT  \\$aR2308-1440$c20230824$lBLL01$h0927
=CAT  \\$aIPL-CLA$c20230930$lBLL01$h0805
=CFI  0\$aCurrent copyright fee: GBP46.00$c2\0$e01-oct-2023$fGBP46.00$g0$hP$5Uk
=CFI  2\$aPrevious copyright fee: GBP46.00$c45\0$e01-jan-2023$fGBP46.00$g0$hP$5Uk
=EST  \\$a1
=FFP  \\$aY$bBLDSS-3PM
=FIN  \\$aY
=LEO  \\$aMP22.0000066362
=LKR  \\$aPAR$b012249628$lBLL01$nCurrent medical research and opinion (Print)$mCurrent medical research and opinion (Online)$r776
=MNI  \\$a0300-7995
=SID  \\$aZ39$bOCLC
=SRC  \\$aISN01$bbibmp22.200404.2.aa
=TCO  \\$aCLA$bCLA$c008
=TOC  \\$aETOC
=ACF  \\$aPrevious copyright fee: GBP33.00$c45\0$e10-jul-2009$fGBP33.00$g0$hP$5Uk
=ACF  \\$aPrevious copyright fee: GBP34.00$c45\0$e01-apr-2014$fGBP34.00$g0$hP$5Uk
=ACF  \\$aPrevious copyright fee: GBP33.00$c45\0$e01-apr-2015$fGBP33.00$g0$hP$5Uk
=ACF  \\$aPrevious copyright fee: GBP34.00$c45\0$e01-jan-2016$fGBP34.00$g0$hP$5Uk
=ACF  \\$aPrevious copyright fee: GBP36.00$c45\0$e01-jan-2017$fGBP36.00$g0$hP$5Uk
=ACF  \\$aPrevious copyright fee: GBP38.00$c45\0$e01-jan-2018$fGBP38.00$g0$hP$5Uk
=ACF  \\$aPrevious copyright fee: GBP40.00$c45\0$e01-jan-2019$fGBP40.00$g0$hP$5Uk
=ACF  \\$aPrevious copyright fee: GBP44.00$c45\0$e26-jan-2021$fGBP44.00$g0$hP$5Uk
=LAS  \\$aIPL-CLA$b00$c20230930$lBLL01$h0805

