=LDR  03096cas a2200805 i 4500
=001  018607605
=003  Uk
=005  20231013143749.0
=006  m\\\\\|\\d\|\\\\\\
=007  cr\|||||||||||
=008  171114c20189999gw\mr\p\o\\\\\0\\\a0eng\\
=FMT  \\$a  SE
=022  \\$a2513-0390
=037  \\$aISSN_25130390$bPortico$nWiley
=040  \\$aUk$beng$cUk$erda
=042  \\$aukblsr
=082  04$a507.21$223
=222  \0$aAdvanced theory and simulations
=245  00$aAdvanced theory and simulations.
=264  \1$a[Weinheim] :$bWiley-VCH,$c[2018]-
=310  \\$aMonthly
=336  \\$atext$2rdacontent
=337  \\$acomputer$2rdamedia
=338  \\$aonline resource$2rdacarrier
=362  0\$aVolume 1, issue 1 (January 2018)-
=500  \\$aTitle from table of contents page (Wiley Online Library, viewed January 29, 2018).
=540  \\$aCurrent Copyright Fee: GBP39.00$c35\0$5Uk
=650  \0$aScience$xSimulation methods$vPeriodicals.
=650  \0$aScience$xMethodology$vPeriodicals.
=650  \0$aEngineering$xSimulation methods$vPeriodicals.
=650  \0$aEngineering$xMethodology$vPeriodicals.
=859  \\$aELD$bejournal
=856  \\$31850-9999$uhttp://onlinelibrary.wiley.com/$xBLDSS
=852  \\$aBritish Library$bDSC$j0696.935575$3Volume 1:Issue 1(2018)-Volume 3:Issue 12(2020)
=852  41$aBritish Library$bHMNTS$jELD Digital store$3Volume 1:Issue 1(2018)-
=945  \\$aAdvanced theory and simulations
=959  \\$fHeld but not currently received
=979  \\$aBritish Library$bDSC$j0696.935575
=CAT  \\$a14412$b40$c20171114$lBLL01$h0924
=CAT  \\$aW1711-1005$c20171206$lBLL01$h1830
=CAT  \\$a11205$b40$c20180129$lBLL01$h1358
=CAT  \\$a10983$b40$c20180219$lBLL01$h1417
=CAT  \\$a8055$b40$c20180704$lBLL01$h1223
=CAT  \\$a8055$b40$c20180704$lBLL01$h1319
=CAT  \\$aBATCH-UPD$b40$c20180710$lBLL01$h2252
=CAT  \\$aBLDSS-3PM$b00$c20180723$lBLL01$h1541
=CAT  \\$aBATCH-UPD$b00$c20180723$lBLL01$h1549
=CAT  \\$aBATCH-UPD$b00$c20181121$lBLL01$h1627
=CAT  \\$aIPL-CLA$c20181231$lBLL01$h1556
=CAT  \\$aR1911-0245$c20191127$lBLL01$h0944
=CAT  \\$aR1911-0245$c20191127$lBLL01$h1045
=CAT  \\$aIPL-CLA$c20191231$lBLL01$h2044
=CAT  \\$a10806$b40$c20201007$lBLL01$h1255
=CAT  \\$a12654$b40$c20210202$lBLL01$h0905
=CAT  \\$a5410$b40$c20210515$lBLL01$h1144
=CAT  \\$a5410$b40$c20210515$lBLL01$h1145
=CAT  \\$a5410$b40$c20221121$lBLL01$h1118
=CAT  \\$a12654$b40$c20231013$lBLL01$h1435
=CAT  \\$a12654$b40$c20231013$lBLL01$h1437
=CFI  0\$aCurrent Copyright Fee: GBP39.00$c35\0$e01-jan-2020$fGBP39.00$g0$hP$5Uk
=CFI  1\$aPending Copyright Fee: GBP46.00$c35\0$e01-jan-2024$fGBP46.00$g0$hP$5Uk
=CFI  2\$aPrevious copyright fee: GBP28.00$c35\0$e01-jan-2019$fGBP28.00$g0$hP$5Uk
=EST  \\$a1
=FFP  \\$aY$bBLDSS-3PM
=FIN  \\$aY$d20180129
=MNI  \\$a2513-0390
=TOC  \\$aETOC
=UNO  \\$aY
=ACF  \\$aPrevious copyright fee: GBP24.00$c35\0$e04-jul-2018$fGBP24.00$g0$hP$5Uk
=LAS  \\$a12654$b40$c20231013$lBLL01$h1437

