=LDR  03323cas a2200793 i 4500
=001  018613442
=003  Uk
=005  20221231145437.0
=006  m\\\\\|\\d\|\\\\\\
=007  cr||||||||||||
=008  171120c20029999njutr\p\o\\\\\0\\\a0eng\\
=FMT  \\$a  SE
=015  \\$aGBB824459$2bnb
=022  \\$a2201-1617
=037  \\$aISSN_10361073_2$bPortico$nWiley
=040  \\$aUk$beng$cUk$erda
=042  \\$aukblsr
=082  04$a613.0994$223
=222  \0$aHealth promotion journal of Australia$b(Online)
=245  00$aHealth promotion journal of Australia :$bofficial journal of Australian Association of Health Promotion Professionals.
=264  \1$a[Hoboken NJ] :$bWiley,$c2002-
=310  \\$aThree times a year
=336  \\$atext$2rdacontent
=337  \\$acomputer$2rdamedia
=338  \\$aonline resource$2rdacarrier
=362  1\$aBegan with volume 13 (2002).
=500  \\$aTitle from table of contents (Wiley Online Library, viewed January 31, 2018).
=588  \\$aLatest issue consulted: volume 28, issue 3 (December 2017) (Wiley Online Library, viewed January 31, 2018).
=540  \\$aCurrent Copyright Fee: GBP39.00$c35\0$5Uk
=650  \0$aHealth promotion$vPeriodicals.
=650  \0$aHealth promotion$zAustralia$vPeriodicals.
=710  2\$aAustralian Association of Health Promotion Professionals.
=710  2\$aAustralian Health Promotion Association.
=776  08$iAlso issued in print as:$tHealth promotion journal of Australia :$x1036-1073
=859  \\$aELD$bejournal
=856  \\$31850-9999$uhttp://onlinelibrary.wiley.com/$xBLDSS
=852  \\$aBritish Library$bDSC$j4275.105184$3Volume 29:Issue 1(2018)-
=852  41$aBritish Library$bHMNTS$jELD Digital store$3Volume 24:Number 1(2013)-
=945  \\$aHealth promotion journal of Australia
=959  \\$fCurrently received
=CAT  \\$a6790$b40$c20171120$lBLL01$h1601
=CAT  \\$aW1711-1005$c20171206$lBLL01$h1830
=CAT  \\$a5110$b40$c20180131$lBLL01$h1552
=CAT  \\$a5110$b40$c20180131$lBLL01$h1553
=CAT  \\$a10983$b40$c20180219$lBLL01$h1432
=CAT  \\$a10806$b40$c20180314$lBLL01$h1425
=CAT  \\$a8055$b40$c20180718$lBLL01$h1311
=CAT  \\$aBLDSS-3PM$b00$c20180723$lBLL01$h1541
=CAT  \\$aBATCH-UPD$b00$c20180723$lBLL01$h1549
=CAT  \\$aBATCH-UPD$b00$c20180724$lBLL01$h2342
=CAT  \\$aBATCH-UPD$b00$c20181121$lBLL01$h1627
=CAT  \\$aIPL-CLA$c20181231$lBLL01$h1556
=CAT  \\$aR1911-0245$c20191127$lBLL01$h0823
=CAT  \\$aR1911-0245$c20191127$lBLL01$h1045
=CAT  \\$aIPL-CLA$c20191231$lBLL01$h2044
=CAT  \\$a8055$b40$c20221230$lBLL01$h1039
=CAT  \\$aIPL-CLA$c20221231$lBLL01$h1454
=CFI  0\$aCurrent Copyright Fee: GBP39.00$c35\0$e01-jan-2023$fGBP39.00$g0$hP$5Uk
=CFI  2\$aPrevious Copyright Fee: GBP32.00$c35\0$e01-jan-2020$fGBP32.00$g0$hP$5Uk
=EST  \\$a1
=FFP  \\$aY$bBLDSS-3PM
=FIN  \\$aY$d20180131
=LKR  \\$aPAR$b009200572$lBLL01$nHealth promotion journal of Australia (Print)$mHealth promotion journal of Australia (Online)$r776
=MNI  \\$a1036-1073
=TOC  \\$aETOC
=UNO  \\$aY
=ACF  \\$aPrevious copyright fee: GBP24.00$c35\0$e18-jul-2018$fGBP24.00$g0$hP$5Uk
=ACF  \\$aPrevious copyright fee: GBP28.00$c35\0$e01-jan-2019$fGBP28.00$g0$hP$5Uk
=LAS  \\$aIPL-CLA$b00$c20221231$lBLL01$h1454

