=LDR  02256cas a2200589 i 4500
=001  018815535
=003  Uk
=005  20230914123848.0
=006  m\\\\\\\\d\\\\\\\\
=007  cr\|||||||||||
=008  180328c\\\\9999\\\\\\p\s\\\\\0\\\a0eng\\
=FMT  \\$a  SE
=022  \\$y1590-1262
=037  \\$a???$bSpringer
=040  \\$aUk$beng$cUk$erda
=245  00$aEating and weight disorders
=264  \1$aSwitzerland$bSpringer International Publishing$c[2018]
=336  \\$atext$2rdacontent
=337  \\$acomputer$2rdamedia
=338  \\$aonline resource$2rdacarrier
=538  \\$aMode of access: World Wide Web.
=540  \\$aCurrent copyright fee: GBP34.95$c22\1$5Uk
=859  \\$aELD$bejournal
=856  \\$31850-9999$uhttp://link.springer.com/$xBLDSS
=852  \\$aBritish Library$bDSC$j3646.939070$3Volume 23:Issue 1(2018)-Volume 25:Issue 3(2020)
=852  41$aBritish Library$bHMNTS$jELD Digital store$3Volume 23:Issue 2(2018)-
=945  \\$aEating and weight disorders
=959  \\$fHeld but not currently received
=CAT  \\$a8055$b40$c20180328$lBLL01$h1226
=CAT  \\$aIPL-CLA$c20180331$lBLL01$h1723
=CAT  \\$aBLDSS-3PM$b00$c20180403$lBLL01$h1659
=CAT  \\$aBATCH-UPD$b00$c20180403$lBLL01$h1702
=CAT  \\$aBATCH-UPD$b00$c20180404$lBLL01$h0006
=CAT  \\$aBATCH-UPD$b00$c20180524$lBLL01$h1740
=CAT  \\$aIPL-CLA$c20180630$lBLL01$h1947
=CAT  \\$a15190$b40$c20201023$lBLL01$h1449
=CAT  \\$a5552$b40$c20210811$lBLL01$h1046
=CAT  \\$aIPL-CLA$c20210930$lBLL01$h1529
=CAT  \\$aBATCH-UPD$b00$c20221121$lBLL01$h1413
=CAT  \\$aIPL-CLA$c20221231$lBLL01$h1454
=CAT  \\$a12654$b40$c20230914$lBLL01$h1238
=CFI  0\$aCurrent copyright fee: GBP34.95$c22\1$e01-jan-2023$fGBP34.95$g0$hP$5Uk
=CFI  2\$aPrevious copyright fee: GBP43.00$c22\1$e01-oct-2021$fGBP43.00$g0$hP$5Uk
=EST  \\$a1
=FFP  \\$aY$bBLDSS-3PM
=MNI  \\$a1124-4909
=TOC  \\$aETOC
=UNO  \\$aY
=ACF  \\$aPrevious copyright fee: GBP30.73$c4\1$e28-mar-2018$fGBP30.73$g0$hP$5Uk
=ACF  \\$aPrevious copyright fee: GBP28.54$c4\1$e01-apr-2018$fGBP28.54$g0$hP$5Uk
=ACF  \\$aPrevious copyright fee: GBP34.00$c22\1$e01-jul-2018$fGBP34.00$g0$hP$5Uk
=LAS  \\$a12654$b40$c20230914$lBLL01$h1238

