=LDR  01960cas a2200541 i 4500
=001  018822141
=003  Uk
=005  20221231145445.0
=006  m\\\\\\\\d\\\\\\\\
=007  cr\|||||||||||
=008  180403c\\\\9999\\\\\\p\s\\\\\0\\\a0eng\\
=FMT  \\$a  SE
=022  \\$y2315-4144
=037  \\$a???$bSpringer
=040  \\$aUk$beng$cUk$erda
=245  00$aActa mathematica Vietnamica.
=264  \1$aSingapore$bSpringer$c[2018]
=336  \\$atext$2rdacontent
=337  \\$acomputer$2rdamedia
=338  \\$aonline resource$2rdacarrier
=538  \\$aMode of access: World Wide Web.
=540  \\$aCurrent copyright fee: GBP29.95$c22\1$5Uk
=859  \\$aELD$bejournal
=856  \\$31850-9999$uhttp://link.springer.com/$xBLDSS
=852  \\$aBritish Library$bDSC$j0632.100000$3Volume 43:Issue 1(2018)-***See ESTAR for full holdings.
=852  41$aBritish Library$bHMNTS$jELD Digital store$3Volume 43:Issue 1(2018)-
=945  \\$aActa mathematica Vietnamica
=959  \\$fCurrently received
=979  \\$aBritish Library$bDSC$j0632.100000
=CAT  \\$a8055$b40$c20180403$lBLL01$h1129
=CAT  \\$aBATCH-UPD$b40$c20180404$lBLL01$h0006
=CAT  \\$aBLDSS-3PM$b00$c20180409$lBLL01$h1027
=CAT  \\$aBATCH-UPD$b00$c20180409$lBLL01$h1027
=CAT  \\$aBATCH-UPD$b00$c20180524$lBLL01$h1709
=CAT  \\$aIPL-CLA$c20180630$lBLL01$h1947
=CAT  \\$a15190$b40$c20201001$lBLL01$h1224
=CAT  \\$a5410$b40$c20221112$lBLL01$h1642
=CAT  \\$aBATCH-UPD$b40$c20221121$lBLL01$h1407
=CAT  \\$aIPL-CLA$c20221231$lBLL01$h1454
=CFI  0\$aCurrent copyright fee: GBP29.95$c22\1$e01-jan-2023$fGBP29.95$g0$hP$5Uk
=CFI  2\$aPrevious copyright fee: GBP34.00$c22\1$e01-jul-2018$fGBP34.00$g0$hP$5Uk
=EST  \\$a1
=FFP  \\$aY$bBLDSS-3PM
=MNI  \\$a0251-4184
=TOC  \\$aETOC
=UNO  \\$aY
=ACF  \\$aPrevious copyright fee: GBP28.54$c22\1$e03-apr-2018$fGBP28.54$g0$hP$5Uk
=LAS  \\$aIPL-CLA$b00$c20221231$lBLL01$h1454

