=LDR  01919cas a2200529 i 4500
=001  018822440
=003  Uk
=005  20230511163135.0
=006  m\\\\\\\\d\\\\\\\\
=007  cr\|||||||||||
=008  180404c\\\\9999\\\\\\p\s\\\\\0\\\a0eng\\
=FMT  \\$a  SE
=022  \\$y2468-0842
=037  \\$a???$bSpringer
=040  \\$aUk$beng$cUk$erda
=245  00$aApplied biological chemistry
=264  \1$aDordrecht$bSpringer Netherlands$c[2018]
=336  \\$atext$2rdacontent
=337  \\$acomputer$2rdamedia
=338  \\$aonline resource$2rdacarrier
=538  \\$aMode of access: World Wide Web.
=540  \\$aCurrent copyright fee: zero$c22\1$5Uk
=856  \\$31850-9999$uhttp://link.springer.com/$xBLDSS
=859  \\$aELD$bejournal
=852  \\$aBritish Library$bDSC$j1571.902500$3Volume 61:Issue 1(2018)-Volume 61:Issue 6(2018)
=852  41$aBritish Library$bHMNTS$jELD Digital store$3Volume 61:Issue 1(2018)-
=945  \\$aApplied biological chemistry
=959  \\$fHeld but not currently received
=CAT  \\$a8055$b40$c20180404$lBLL01$h1049
=CAT  \\$aBLDSS-3PM$b00$c20180409$lBLL01$h1027
=CAT  \\$aBATCH-UPD$b00$c20180409$lBLL01$h1027
=CAT  \\$aBATCH-UPD$b00$c20180411$lBLL01$h0035
=CAT  \\$aBATCH-UPD$b00$c20180524$lBLL01$h1709
=CAT  \\$aIPL-CLA$c20180630$lBLL01$h1947
=CAT  \\$a12654$b40$c20190726$lBLL01$h0752
=CAT  \\$a15190$b40$c20201001$lBLL01$h1206
=CAT  \\$a5552$b40$c20210615$lBLL01$h0847
=CAT  \\$aBATCH-FIX$c20230511$lBLL01$h1631
=CFI  0\$aCurrent copyright fee: zero$c22\1$e15-jun-2021$fGBP0.00$g0$hP$5Uk
=CFI  2\$aPrevious copyright fee: GBP34.00$c22\1$e01-jul-2018$fGBP34.00$g0$hP$5Uk
=EST  \\$a1
=FFP  \\$aY$bBLDSS-3PM
=MNI  \\$a2468-0834
=TOC  \\$aETOC
=UNO  \\$aY
=ACF  \\$aPrevious copyright fee: GBP28.54$c22\1$e04-apr-2018$fGBP28.54$g0$hP$5Uk
=LAS  \\$aBATCH-FIX$b00$c20230511$lBLL01$h1631

