=LDR  03082cas a2200793 i 4500
=001  018929876
=003  Uk
=005  20210325215017.0
=006  m\\\\\\\\d\|||||||
=007  cr\|||||||||||
=008  180702c20189999xxumr\p\\\\\\\0\\\a0eng\\
=FMT  \\$a  SE
=015  \\$aGBC0B1144$2bnb
=022  \\$a2575-3126
=037  \\$aISSN_25753126_74$bPortico$nLippincott Williams & Wilkins
=040  \\$aUk$beng$cUk$dUk$erda
=042  \\$aukblsr
=082  04$a617.9605$221
=222  \0$aA&A practice
=245  00$aA & A practice.
=246  30$aA&A practice
=246  30$aAA practice
=246  3\$aAnesthesia and analgesia practice
=264  \1$a[San Francisco] :$bInternational Anesthesia Research Society,$c2018-
=310  \\$aMonthly,$bMarch 2020-
=321  \\$aSemimonthly,$b-February 2020
=336  \\$atext$2rdacontent
=337  \\$acomputer$2rdamedia
=338  \\$aonline resource$2rdacarrier
=362  0\$aVolume 10, issue 1 (January 1, 2018)-
=500  \\$aTitle from journal contents page (https://journals.lww.com/, viewed August 13, 2020).
=580  \\$aIncludes issues of earlier title: A & A case reports.
=588  \\$aLatest issue consulted: volume 14, issue 9 (July 2020) (viewed August 13, 2020).
=540  \\$aCurrent copyright fee: GBP32.00$c20\0$5Uk
=650  \0$aAnalgesia$vPeriodicals.
=650  \0$aAnalgesia$vCase studies$vPeriodicals.
=650  \0$aAnesthesiology$vPeriodicals.
=650  \0$aAnesthesiology$vCase studies$vPeriodicals.
=710  2\$aInternational Anesthesia Research Society,$eissuing body.
=780  10$tA & A case reports$x2325-7237
=787  0\$tAnesthesia & analgesia (Online)$x1526-7598
=856  4\$31850-9999$uhttp://journals.lww.com/pages/default.aspx$xBLDSS
=859  \\$aELD$bejournal
=852  41$aBritish Library$bHMNTS$jELD Digital store$3Volume 10:Issue 10(2018)-
=852  \\$aBritish Library$bDSC$j0537.002900$3Volume 10:Issue 1(2018)-
=945  \\$aA and A practice.
=959  \\$fCurrently received
=985  \\$a3rd party access title for Remote supply please retain as base record when merging/deleting
=985  \\$aCatalogued via VPN, August 2020
=CAT  \\$a5552$b40$c20180702$lBLL01$h1451
=CAT  \\$a10983$b40$c20180707$lBLL01$h0944
=CAT  \\$a10983$b40$c20180709$lBLL01$h0906
=CAT  \\$a8055$b40$c20180709$lBLL01$h1406
=CAT  \\$aBLDSS-3PM$b00$c20180723$lBLL01$h1541
=CAT  \\$aBATCH-UPD$b00$c20180723$lBLL01$h1549
=CAT  \\$a5410$b40$c20190808$lBLL01$h0910
=CAT  \\$a8124$b40$c20200813$lBLL01$h0904
=CAT  \\$a14586$b40$c20210325$lBLL01$h2150
=CFI  0\$aCurrent copyright fee: GBP32.00$c20\0$e02-jul-2018$fGBP32.00$g0$hP$5Uk
=EST  \\$a1
=FFP  \\$aY$bBLDSS-3PM
=FIN  \\$aY$d20200813
=LET  \0$aA & A practice (Electronic)
=LKR  \\$aPAR$b016436441$lBLL01$r787$mA & A practice$nAnesthesia and analgesia (Online)
=LKR  \\$aPAR$b017003708$lBLL01$r78010$mA & A practice$nA & A case reports
=MNI  \\$a2575-3126
=TOC  \\$aETOC
=UNO  \\$aY
=LAS  \\$a14586$b40$c20210325$lBLL01$h2150

