=LDR  03195cas a2200817 i 4500
=001  019147728
=003  Uk
=005  20191231204602.0
=006  m\\\\\\\\d\|||||||
=007  cr\|||||||||||
=008  181130c20199999njubr\p\\\\\\\0\\\a0eng\\
=FMT  \\$a  SE
=015  \\$aGBB9H3511$2bnb
=022  \\$a2578-2363
=037  \\$aISSN_25782355$bPortico$nWiley
=040  \\$aUk$beng$cUk$erda
=042  \\$aukblsr
=082  04$a174.2805$223
=222  \0$aEthics & human research$b(Online)
=245  00$aEthics & human research.
=246  10$aE&HR
=246  3\$aEthics and human research
=264  \1$aHoboken, NJ :$bWiley Subscription Services Inc [on behalf of] The Hastings Center,$c2019-
=300  \\$billustrations (colour)
=310  \\$aBimonthly
=336  \\$atext$2rdacontent
=337  \\$acomputer$2rdamedia
=338  \\$aonline resource$2rdacarrier
=362  0\$aVolume 41, number 1 (January/February 2019)-
=500  \\$aTitle from PDF cover (onlinelibrary.wiley.com, viewed October 22, 2019).
=588  \\$aLatest issue consulted: volume 41, issue 5 (September/October 2019) (viewed October 22, 2019).
=540  \\$aCurrent Copyright Fee: GBP32.00$c35\0$5Uk
=650  \0$aMedical ethics$zUnited States$vPeriodicals.
=650  \0$aHuman experimentation in medicine$vPeriodicals.
=650  \0$aInformed consent (Medical law)$zUnited States$vPeriodicals.
=710  2\$aHastings Center,$eissuing body.
=776  08$iAlso issued in print as:$tEthics & human research$x2578-2355
=780  00$tIRB$x2326-2222
=856  4\$31850-9999$uhttp://onlinelibrary.wiley.com/$xBLDSS
=859  \\$aELD$bejournal
=852  41$aBritish Library$bHMNTS$jELD Digital store$3Volume 41:Issue 1(2019)-
=852  \\$aBritish Library$bDSC$j3814.656450$3Volume 41:Issue 1(2019)-
=945  \\$aEthics and human research
=959  \\$fCurrently received
=985  \\$a3rd party access title for Remote supply please retain as base record when merging/deleting
=CAT  \\$a5552$b40$c20181130$lBLL01$h1440
=CAT  \\$aIPL-CLA$c20181231$lBLL01$h1556
=CAT  \\$a15005$b40$c20190108$lBLL01$h1357
=CAT  \\$aBLDSS-3PM$b00$c20190115$lBLL01$h1425
=CAT  \\$aBATCH-UPD$b00$c20190115$lBLL01$h1431
=CAT  \\$a10983$b40$c20190121$lBLL01$h1002
=CAT  \\$a5410$b40$c20190205$lBLL01$h1040
=CAT  \\$a14586$b40$c20190405$lBLL01$h1412
=CAT  \\$a8055$b40$c20190410$lBLL01$h1327
=CAT  \\$a11205$b40$c20190411$lBLL01$h1200
=CAT  \\$a8124$b40$c20191022$lBLL01$h1442
=CAT  \\$a8124$b40$c20191028$lBLL01$h1026
=CAT  \\$aR1911-0245$c20191127$lBLL01$h0824
=CAT  \\$aR1911-0245$c20191127$lBLL01$h1045
=CAT  \\$aIPL-CLA$c20191231$lBLL01$h2046
=CFI  0\$aCurrent Copyright Fee: GBP32.00$c35\0$e01-jan-2020$fGBP32.00$g0$hP$5Uk
=CFI  2\$aPrevious Copyright Fee: GBP28.00$c35\0$e01-jan-2019$fGBP28.00$g0$hP$5Uk
=EST  \\$a1
=FFP  \\$aY$bBLDSS-3PM
=FIN  \\$aY$d20191022
=LET  \0$aEthics & human research (Electronic)
=LKR  \\$aPAR$b009863142$lBLL01$r78000$mEthics & human research$nIRB
=MNI  \\$a2578-2355
=TOC  \\$aETOC
=UNO  \\$aY
=LAS  \\$aIPL-CLA$b00$c20191231$lBLL01$h2046

