=LDR  02085cas a22005897i 4500
=001  019675541
=003  Uk
=005  20221231145508.0
=006  m\\\\\\\\d\|\\\\\\
=007  cr\|||||||||||
=008  200116c20029999ne\br\p\o\\\\\0\\\a0eng\\
=FMT  \\$a  SE
=019  c\$a102475784
=022  \\$a1572-882X
=037  \\$a???$bSpringer
=040  \\$aUk$beng$cUk$erda
=130  0\$aCellulose (London, England)
=222  \0$aCellulose$b(Dordrecht. Online)
=245  10$aCellulose.
=264  \1$aDordrecht :$bKluwer
=310  \\$aBimonthly
=336  \\$atext$2rdacontent
=337  \\$acomputer$2rdamedia
=338  \\$aonline resource$2rdacarrier
=540  \\$aCurrent copyright fee: GBP29.95$c22\1$5Uk
=776  08$iAlso issued in print as:$tCellulose (London, England)$x0969-0239
=859  \\$aELD$bejournal
=856  \\$31850-9999$uhttp://www.springer.com/gb/$xBLDSS
=852  41$aBritish Library$bDSC$j3098.059800$3Volume 4:Issue 1(1997)-Volume 21:Issue 6(2014)***See ESTAR for full holdings.
=852  41$aBritish Library$bHMNTS$jELD Digital store$3Volume 25:Issue 1(2018)-
=945  \\$aCellulose -Andover-.
=959  \\$fHeld but not currently received
=963  \\$aVol. 1 (1994)-$bN$cU
=985  \\$aCorrected by BSS-generated file for WR# 08/157
=CAT  \\$a10806$b40$c20200116$lBLL01$h0807
=CAT  \\$a10806$b40$c20200116$lBLL01$h0808
=CAT  \\$a10806$b40$c20200116$lBLL01$h0810
=CAT  \\$a11450$b40$c20200121$lBLL01$h0911
=CAT  \\$aBATCH-UPD$b40$c20221121$lBLL01$h1407
=CAT  \\$aIPL-CLA$c20221231$lBLL01$h1455
=CFI  0\$aCurrent copyright fee: GBP29.95$c22\1$e01-jan-2023$fGBP29.95$g0$hP$5Uk
=CFI  2\$aPrevious copyright fee: GBP34.00$c22\1$e01-jul-2018$fGBP34.00$g0$hP$5Uk
=EST  \\$a1
=FFP  \\$aY$bBLDSS-3PM
=FIN  \\$aY$d20200116
=LEO  \\$aMP10.0000629641
=MNI  \\$a0969-0239
=SRC  \\$aDSS01$bbibmp10.200404.2.aa
=TOC  \\$aETOC
=UNO  \\$aY
=ACF  \\$aPrevious copyright fee: GBP28.54$c13\1$e01-apr-2018$fGBP28.54$g0$hP$5Uk
=LAS  \\$aIPL-CLA$b00$c20221231$lBLL01$h1455

