=LDR  02053cas a22005777i 4500
=001  019675550
=003  Uk
=005  20221231145508.0
=006  m\\\\\\\\d\|\\\\\\
=007  cr\|||||||||||
=008  200116c19929999ne\mx\p\o\\\\\0\\\a0eng\\
=FMT  \\$a  SE
=019  c\$a102451810
=022  \\$a1573-3017
=037  \\$a???$bSpringer
=040  \\$aUk$beng$cUk$erda
=222  \0$aEcotoxicology$b(Dordrecht. Online)
=245  00$aEcotoxicology.
=264  \1$aDordrecht :$bKluwer
=264  31$aNew York, NY :$bSpringer Science+Business Media LLC
=310  \\$aTen times a year
=336  \\$atext$2rdacontent
=337  \\$acomputer$2rdamedia
=338  \\$aonline resource$2rdacarrier
=540  \\$aCurrent copyright fee: GBP29.95$c22\1$5Uk
=776  08$iAlso issued in print as:$tEcotoxicology$x0963-9292
=859  \\$aELD$bejournal
=856  \\$31850-9999$uhttp://www.springer.com/gb/$xBLDSS
=852  41$aBritish Library$bDSC$j3659.553500$3Volume 7:Issue 1(1998:Feb.)-Volume 23:Issue 10(2014)***See ESTAR for full holdings.
=852  41$aBritish Library$bHMNTS$jELD Digital store$3Volume 27:Issue 2(2018)-
=945  \\$aEcotoxicology
=959  \\$fHeld but not currently received
=963  \\$aVol. 1 (1992)-$bN$cL381.C.163
=CAT  \\$a10806$b40$c20200116$lBLL01$h0832
=CAT  \\$a10806$b40$c20200116$lBLL01$h0834
=CAT  \\$a11450$b40$c20200121$lBLL01$h0922
=CAT  \\$a8055$b40$c20200219$lBLL01$h1456
=CAT  \\$aBATCH-UPD$b40$c20221121$lBLL01$h1407
=CAT  \\$aIPL-CLA$c20221231$lBLL01$h1455
=CFI  0\$aCurrent copyright fee: GBP29.95$c22\1$e01-jan-2023$fGBP29.95$g0$hP$5Uk
=CFI  2\$aPrevious copyright fee: GBP34.00$c22\1$e01-jul-2018$fGBP34.00$g0$hP$5Uk
=EST  \\$a1
=FFP  \\$aY$bBLDSS-3PM
=FIN  \\$aY$d20200116
=LEO  \\$aMP10.0000630036
=MNI  \\$a0963-9292
=SRC  \\$aDSS01$bbibmp10.200404.2.aa
=TOC  \\$aETOC
=UNO  \\$aY
=ACF  \\$aPrevious copyright fee: GBP28.54$c4\5$e01-apr-2018$fGBP28.54$g0$hP$5Uk
=LAS  \\$aIPL-CLA$b00$c20221231$lBLL01$h1455

