=LDR  02149cas a22005897i 4500
=001  019675580
=003  Uk
=005  20221231145508.0
=006  m\\\\\\\\d\|\\\\\\
=007  cr\|||||||||||
=008  200116c19919999ne\mr\p\o\\\\\0\\\a0eng\\
=FMT  \\$a  SE
=019  c\$a102428074
=022  \\$a1573-2916
=037  \\$a???$bSpringer
=040  \\$aUk$beng$cUk$erda
=222  \0$aJournal of global optimization$b(Dordrecht. Online)
=245  00$aJournal of global optimization.
=264  \1$aDordrecht :$bKluwer
=310  \\$aMonthly
=336  \\$atext$2rdacontent
=337  \\$acomputer$2rdamedia
=338  \\$aonline resource$2rdacarrier
=595  \\$aSee also card index.
=540  \\$aCurrent copyright fee: GBP29.95$c22\1$5Uk
=776  08$iAlso issued in print as:$tJournal of global optimization$x0925-5001
=859  \\$aELD$bejournal
=856  \\$31850-9999$uhttp://www.springer.com/gb/$xBLDSS
=852  41$aBritish Library$bHMNTS$jELD Digital store$3Volume 70:Issue 4(2018)-
=852  41$aBritish Library$bDSC$j4996.302000$3Volume 13:Issue 1(1998)-Volume 60:Issue 4(2014)***See ESTAR for full holdings.
=945  \\$aJournal of global optimization.
=959  \\$fHeld but not currently received
=985  \\$aCorrected by BSS-generated file for WR# 08/157
=985  \\$aCorrected by MS generated file for WR# 12.018
=985  \\$aCONFERENCE ANALYTIC RECORDS EXIST
=CAT  \\$a10806$b40$c20200116$lBLL01$h0930
=CAT  \\$a10806$b40$c20200116$lBLL01$h0934
=CAT  \\$a11450$b40$c20200121$lBLL01$h0944
=CAT  \\$aBATCH-UPD$b40$c20221121$lBLL01$h1407
=CAT  \\$aIPL-CLA$c20221231$lBLL01$h1455
=CFI  0\$aCurrent copyright fee: GBP29.95$c22\1$e01-jan-2023$fGBP29.95$g0$hP$5Uk
=CFI  2\$aPrevious copyright fee: GBP34.00$c22\1$e01-jul-2018$fGBP34.00$g0$hP$5Uk
=EST  \\$a1
=FFP  \\$aY$bBLDSS-3PM
=FIN  \\$aY
=LEO  \\$aMP10.0000631150
=MNI  \\$a0925-5001
=SRC  \\$aDSS01$bbibmp10.200404.2.aa
=TOC  \\$aETOC
=UNO  \\$aY
=ACF  \\$aPrevious copyright fee: GBP28.54$c13\1$e01-apr-2018$fGBP28.54$g0$hP$5Uk
=LAS  \\$aIPL-CLA$b00$c20221231$lBLL01$h1455

