=LDR  02083cas a22005657i 4500
=001  019675606
=003  Uk
=005  20221231145509.0
=006  m\\\\\\\\d\|\\\\\\
=007  cr\|||||||||||
=008  200116c19929999nyumx\p\o\\\\\0\\\a0eng\\
=FMT  \\$a  SE
=019  c\$a102444843
=022  \\$a1573-7683
=037  \\$a???$bSpringer
=040  \\$aUk$beng$cUk$erda
=222  \0$aJournal of mathematical imaging and vision$b(Online)
=245  00$aJournal of mathematical imaging and vision.
=264  \1$aDordrecht :$bKluwer
=264  31$aNew York$bSpringer US
=310  \\$aNine times a year
=336  \\$atext$2rdacontent
=337  \\$acomputer$2rdamedia
=338  \\$aonline resource$2rdacarrier
=540  \\$aCurrent copyright fee: GBP29.95$c22\1$5Uk
=776  08$iAlso issued in print as:$tJournal of mathematical imaging and vision$x0924-9907
=859  \\$aELD$bejournal
=856  \\$31850-9999$uhttp://www.springer.com/gb/$xBLDSS
=852  41$aBritish Library$bHMNTS$jELD Digital store$3Volume 60:Issue 4(2018)-
=852  41$aBritish Library$bDSC$j5012.385000$3Volume 12:Issue 2(2000)-Volume 50:Issue 3(2014)***See ESTAR for full holdings.
=945  \\$aJOURNAL OF MATHEMATICAL IMAGING AND VISION.
=959  \\$fHeld but not currently received
=985  \\$aCorrected by MS generated file for WR# 12.018
=CAT  \\$a10806$b40$c20200116$lBLL01$h1049
=CAT  \\$a10806$b40$c20200116$lBLL01$h1110
=CAT  \\$a11450$b40$c20200121$lBLL01$h1028
=CAT  \\$aBATCH-UPD$b40$c20221121$lBLL01$h1407
=CAT  \\$aIPL-CLA$c20221231$lBLL01$h1455
=CFI  0\$aCurrent copyright fee: GBP29.95$c22\1$e01-jan-2023$fGBP29.95$g0$hP$5Uk
=CFI  2\$aPrevious copyright fee: GBP34.00$c22\1$e01-jul-2018$fGBP34.00$g0$hP$5Uk
=EST  \\$a1
=FFP  \\$aY$bBLDSS-3PM
=FIN  \\$aY
=LEO  \\$aMP10.0000631255
=MNI  \\$a0924-9907
=SRC  \\$aDSS01$bbibmp10.200404.2.aa
=TOC  \\$aETOC
=UNO  \\$aY
=ACF  \\$aPrevious copyright fee: GBP28.54$c4\5$e01-apr-2018$fGBP28.54$g0$hP$5Uk
=LAS  \\$aIPL-CLA$b00$c20221231$lBLL01$h1455

