=LDR  02518cas a22006857i 4500
=001  019675695
=003  Uk
=005  20221231145509.0
=006  m\\\\\\\\d\|\\\\\\
=007  cr\|||||||||||
=008  200116c19869999ne\mx\p\o\\\\\0\\\a0eng\\
=FMT  \\$a  SE
=019  c\$a102305547
=022  \\$a1573-1634
=037  \\$a???$bSpringer
=040  \\$aUk$beng$cUk$erda
=082  04$a530.413$222
=210  0\$aTransp. porous media$b(Dordr., Online)
=222  \0$aTransport in porous media$b(Dordrecht. Online)
=245  00$aTransport in porous media.
=264  \1$aDordrecht :$bKluwer
=310  \\$aFifteen times a year
=336  \\$atext$2rdacontent
=337  \\$acomputer$2rdamedia
=338  \\$aonline resource$2rdacarrier
=362  1\$aPrint began with vol. 1, no. 1, published in 1986.
=515  \\$aSome issues combined.
=538  \\$aMode of access: World Wide Web.
=540  \\$aCurrent copyright fee: GBP29.95$c22\1$5Uk
=650  \0$aPorous materials$vPeriodicals.
=650  \0$aTransport theory$vPeriodicals.
=776  08$iAlso issued in print as:$tTransport in porous media$x0169-3913
=859  \\$aELD$bejournal
=856  \\$31850-9999$uhttp://www.springer.com/gb/$xBLDSS
=852  41$aBritish Library$bHMNTS$jELD Digital store$3Volume 121:Issue 2(2018)-
=852  41$aBritish Library$bDSC$j9025.871000$3Volume 30:Issue 2(1998)-Volume 105:Issue 3(2014)***See ESTAR for full holdings.
=945  \\$aTransport in porous media
=959  \\$fHeld but not currently received
=979  \\$aBritish Library$bDSC$j9025.871000
=985  \\$aCorrected by MS generated file for WR# 12.018
=CAT  \\$a10806$b40$c20200116$lBLL01$h1159
=CAT  \\$a10806$b40$c20200116$lBLL01$h1202
=CAT  \\$a10806$b40$c20200116$lBLL01$h1205
=CAT  \\$a11450$b40$c20200121$lBLL01$h1118
=CAT  \\$a5410$b40$c20200204$lBLL01$h1155
=CAT  \\$a5410$b40$c20221030$lBLL01$h1312
=CAT  \\$aBATCH-UPD$b40$c20221121$lBLL01$h1407
=CAT  \\$aIPL-CLA$c20221231$lBLL01$h1455
=CFI  0\$aCurrent copyright fee: GBP29.95$c22\1$e01-jan-2023$fGBP29.95$g0$hP$5Uk
=CFI  2\$aPrevious copyright fee: GBP34.00$c22\1$e01-jul-2018$fGBP34.00$g0$hP$5Uk
=EST  \\$a1
=FFP  \\$aY$bBLDSS-3PM
=FIN  \\$aY
=LEO  \\$aMP10.0000632466
=MNI  \\$a0169-3913
=SRC  \\$aDSS01$bbibmp10.200404.2.aa
=TOC  \\$aETOC
=UNO  \\$aY
=ACF  \\$aPrevious copyright fee: GBP28.54$c13\1$e01-apr-2018$fGBP28.54$g0$hP$5Uk
=LAS  \\$aIPL-CLA$b00$c20221231$lBLL01$h1455

