=LDR  02112cas a22005777i 4500
=001  019675844
=003  Uk
=005  20221231145509.0
=006  m\\\\\\\\d\|\\\\\\
=007  cr\|||||||||||
=008  200116c19959999ne\sr\p\o\\\\\0\\\a0eng\\
=FMT  \\$a  SE
=019  c\$a102500005
=022  \\$a1573-7721
=037  \\$a???$bSpringer
=040  \\$aUk$beng$cUk$erda
=222  \0$aMultimedia tools and applications$b(Dordrecht. Online)
=245  00$aMultimedia tools and applications.
=264  \1$aDordrecht :$bKluwer
=310  \\$aSemimonthly
=336  \\$atext$2rdacontent
=337  \\$acomputer$2rdamedia
=338  \\$aonline resource$2rdacarrier
=540  \\$aCurrent copyright fee: GBP29.95$c22\1$5Uk
=776  08$iAlso issued in print as:$tMultimedia tools and applications$x1380-7501
=859  \\$aELD$bejournal
=856  \\$31850-9999$uhttp://www.springer.com/gb/$xBLDSS
=852  41$aBritish Library$bHMNTS$jELD Digital store$3Volume 77:Issue 15(2018)-
=852  41$aBritish Library$bDSC$j5983.148820$3Volume 10:Issue 1(2000)-Volume 73:Issue 3(2014)***See ESTAR for full holdings.
=945  \\$aMultimedia tools and applications.
=959  \\$fHeld but not currently received
=979  \\$aBritish Library$bDSC$j5983.148820
=985  \\$aCorrected by MS generated file for WR# 12.018
=CAT  \\$a10806$b40$c20200116$lBLL01$h1448
=CAT  \\$a11450$b40$c20200121$lBLL01$h1328
=CAT  \\$a5410$b40$c20200909$lBLL01$h0836
=CAT  \\$a5410$b40$c20221030$lBLL01$h1315
=CAT  \\$aBATCH-UPD$b40$c20221121$lBLL01$h1407
=CAT  \\$aIPL-CLA$c20221231$lBLL01$h1455
=CFI  0\$aCurrent copyright fee: GBP29.95$c22\1$e01-jan-2023$fGBP29.95$g0$hP$5Uk
=CFI  2\$aPrevious copyright fee: GBP34.00$c22\1$e01-jul-2018$fGBP34.00$g0$hP$5Uk
=EST  \\$a1
=FFP  \\$aY$bBLDSS-3PM
=FIN  \\$aY
=LEO  \\$aMP10.0000631735
=MNI  \\$a1380-7501
=SRC  \\$aDSS01$bbibmp10.200404.2.aa
=TOC  \\$aETOC
=UNO  \\$aY
=ACF  \\$aPrevious copyright fee: GBP28.54$c4\5$e01-apr-2018$fGBP28.54$g0$hP$5Uk
=LAS  \\$aIPL-CLA$b00$c20221231$lBLL01$h1455

