=LDR  02202cas a22005777i 4500
=001  019676370
=003  Uk
=005  20221231145509.0
=006  m\\\\\\\\d\|\\\\\\
=007  cr\|||||||||||
=008  200117c19969999ne\bx\p\o\\\\\0\\\a0eng\\
=FMT  \\$a  SE
=019  c\$a102499710
=022  \\$a1573-1596
=037  \\$a???$bSpringer
=040  \\$aUk$beng$cUk$erda
=222  \0$aMitigation and adaptation strategies for global change$b(Dordrecht. Online)
=245  00$aMitigation and adaptation strategies for global change.
=264  \1$aDordrecht :$bKluwer
=310  \\$aEight times a year
=336  \\$atext$2rdacontent
=337  \\$acomputer$2rdamedia
=338  \\$aonline resource$2rdacarrier
=540  \\$aCurrent copyright fee: GBP29.95$c22\1$5Uk
=776  08$iAlso issued in print as:$tMitigation and adaptation strategies for global change$x1381-2386
=859  \\$aELD$bejournal
=856  \\$31850-9999$uhttp://www.springer.com/gb/$xBLDSS
=852  41$aBritish Library$bDSC$j5829.740000$3Volume 1:Issue 1(1996)-Volume 19:Issue 8(2014)***See ESTAR for full holdings.
=852  41$aBritish Library$bHMNTS$jELD Digital store$3Volume 23:Issue 6(2018)-
=945  \\$aMITIGATION AND ADAPTATION STRATEGIES FOR GLOBAL CHANGE.
=959  \\$fHeld but not currently received
=979  \\$aBritish Library$bDSC$j5829.740000
=985  \\$aCorrected by MS generated file for WR# 12.018
=CAT  \\$a10806$b40$c20200117$lBLL01$h0811
=CAT  \\$a11450$b40$c20200121$lBLL01$h1358
=CAT  \\$a5410$b40$c20200911$lBLL01$h0925
=CAT  \\$a5410$b40$c20221030$lBLL01$h1317
=CAT  \\$aBATCH-UPD$b40$c20221121$lBLL01$h1407
=CAT  \\$aIPL-CLA$c20221231$lBLL01$h1455
=CFI  0\$aCurrent copyright fee: GBP29.95$c22\1$e01-jan-2023$fGBP29.95$g0$hP$5Uk
=CFI  2\$aPrevious copyright fee: GBP34.00$c22\1$e01-jul-2018$fGBP34.00$g0$hP$5Uk
=EST  \\$a1
=FFP  \\$aY$bBLDSS-3PM
=FIN  \\$aY
=LEO  \\$aMP10.0000631696
=MNI  \\$a1381-2386
=SRC  \\$aDSS01$bbibmp10.200404.2.aa
=TOC  \\$aETOC
=UNO  \\$aY
=ACF  \\$aPrevious copyright fee: GBP28.54$c13\1$e01-apr-2018$fGBP28.54$g0$hP$5Uk
=LAS  \\$aIPL-CLA$b00$c20221231$lBLL01$h1455

