=LDR  04412cas a2200997 a 4500
=001  016259007
=003  Uk
=005  20230930081024.0
=006  m\\\\\\\\d\\\\\\\\
=007  cr\|||||||||||
=008  130124c20139999enkbr\p\o\\\\\0\\\a0eng\\
=FMT  \\$a  SE
=015  \\$aGBB348955$2bnb
=022  \\$a2168-1813
=037  \\$aISSN_21681805$bPortico$nInforma Healthcare
=037  3\$aISSN_21681805_21$bPortico$nTaylor & Francis
=040  \\$aUk$beng$cUk$erda
=042  \\$aissnuk$aukblsr
=082  04$a616.6$223
=222  \0$aScandinavian journal of urology$b(Online)
=245  00$aScandinavian journal of urology.
=264  \1$a[London] :$bInforma Healthcare,$c2013-
=264  31$aAbingdon :$bTaylor & Francis$c[2015]-
=310  \\$aBimonthly
=336  \\$atext$2rdacontent
=337  \\$acomputer$2rdamedia
=338  \\$aonline resource$2rdacarrier
=362  0\$aVolume 47, number 1 (February 2013)-
=500  \\$aTitle from table of contents page (Informa Healthcare, viewed May 17, 2013).
=538  \\$aMode of access: World Wide Web.
=580  \\$aIncludes issues of earlier title: Scandinavian journal of urology and nephrology (Online).
=540  \\$aCurrent copyright fee: GBP46.00$c2\0$5Uk
=650  \0$aUrology$vPeriodicals.
=710  2\$aScandinavian Association of Urology,$eissuing body.
=776  08$iAlso issued in print as:$tScandinavian journal of urology$x2168-1805
=780  10$aScandinavian journal of urology and nephrology (Online)$x1651-2065
=859  \\$aELD$bejournal
=856  \\$31850-9999$uhttp://informahealthcare.com$xBLDSS
=852  41$aBritish Library$bDSC$j8087.558000$3Volume 47:Issue 1(2013)-Volume 51:Issue 6(2017)***See ESTAR for full holdings.
=852  41$aBritish Library$bHMNTS$jELD Digital store$3Volume 47:Number 2(2013:Apr.)-
=945  \\$aScandinavian Journal of Urology
=959  \\$fHeld but not currently received
=979  \\$aBritish Library$bDSC$j8087.558000
=CAT  \\$a12654$b40$c20130124$lBLL01$h1618
=CAT  \\$a5552$b40$c20150702$lBLL01$h1228
=CAT  \\$a8439$b40$c20151112$lBLL01$h1052
=CAT  \\$aBATCH-UPD$b40$c20151119$lBLL01$h1600
=CAT  \\$a8411$b40$c20151202$lBLL01$h1139
=CAT  \\$aIPL-CLA$c20151231$lBLL01$h1934
=CAT  \\$a14448$b40$c20160205$lBLL01$h1056
=CAT  \\$a11433$b40$c20160418$lBLL01$h1428
=CAT  \\$a10806$b40$c20160418$lBLL01$h1435
=CAT  \\$aBATCH-UPD$b40$c20160522$lBLL01$h2353
=CAT  \\$aBATCH-UPD$b40$c20160524$lBLL01$h2149
=CAT  \\$aBATCH-UPD$b40$c20161122$lBLL01$h1538
=CAT  \\$aIPL-CLA$c20161231$lBLL01$h0008
=CAT  \\$aBATCH-UPD$b00$c20171121$lBLL01$h1718
=CAT  \\$aW1711-1005$c20171206$lBLL01$h1825
=CAT  \\$aIPL-CLA$c20171231$lBLL01$h1817
=CAT  \\$aBATCH-UPD$b00$c20181217$lBLL01$h1705
=CAT  \\$aIPL-CLA$c20181231$lBLL01$h1552
=CAT  \\$aW1811-111$c20190203$lBLL01$h0956
=CAT  \\$aBATCH-UPD$b00$c20210126$lBLL01$h1323
=CAT  \\$aIPL-CLA$c20210126$lBLL01$h1447
=CAT  \\$aBATCH-UPD$b00$c20221121$lBLL01$h1424
=CAT  \\$aIPL-CLA$c20221231$lBLL01$h1451
=CAT  \\$a5410$b40$c20230410$lBLL01$h1725
=CAT  \\$aR2308-1440$c20230824$lBLL01$h0930
=CAT  \\$aIPL-CLA$c20230930$lBLL01$h0810
=CFI  0\$aCurrent copyright fee: GBP46.00$c2\0$e01-oct-2023$fGBP46.00$g0$hP$5Uk
=CFI  2\$aPrevious copyright fee: GBP46.00$c45\0$e01-jan-2023$fGBP46.00$g0$hP$5Uk
=EST  \\$a1
=FFP  \\$aY$bBLDSS-3PM
=FIN  \\$aY$d20130517
=LKR  \\$aPAR$b013363259$lBLL01$r78000$mScandinavian journal of urology.$nScandinavian journal of urology and nephrology (Online)
=MNI  \\$a2168-1805
=TOC  \\$aETOC
=ACF  \\$aPrevious copyright fee: GBP34.00$c45\0$e01-apr-2014$fGBP34.00$g0$hP$5Uk
=ACF  \\$aPrevious copyright fee: GBP57.00$c45\0$e24-jan-2012$fGBP57.00$g0$hP$5Uk
=ACF  \\$aPrevious copyright fee: GBP33.00$c45\0$e10-feb-2015$fGBP33.00$g0$hP$5Uk
=ACF  \\$aPrevious copyright fee: GBP34.00$c45\0$e01-jan-2016$fGBP34.00$g0$hP$5Uk
=ACF  \\$aPrevious copyright fee: GBP36.00$c45\0$e01-jan-2017$fGBP36.00$g0$hP$5Uk
=ACF  \\$aPrevious copyright fee: GBP38.00$c45\0$e01-jan-2018$fGBP38.00$g0$hP$5Uk
=ACF  \\$aPrevious copyright fee: GBP40.00$c45\0$e01-jan-2019$fGBP40.00$g0$hP$5Uk
=ACF  \\$aPrevious copyright fee: GBP44.00$c45\0$e26-jan-2021$fGBP44.00$g0$hP$5Uk
=LAS  \\$aIPL-CLA$b00$c20230930$lBLL01$h0810

