=LDR  04215cas a2201009 i 4500
=001  016281735
=003  Uk
=005  20150519105627.0
=006  m\\\\\|\\d\|\\\\\\
=007  cr\|||||||||||
=008  130220c20029999xxumr\p\o\\\\\0\\\a0eng\\
=FMT  \\$a  SE
=015  \\$aGBB564273$2bnb
=022  \\$a1538-9774
=037  \\$aISSN_15382931$bPortico$nLippincott Williams & Wilkins
=040  \\$aUk$beng$cUk$dUk$erda
=042  \\$aukblsr
=082  04$a610.730285$223
=210  0\$aComput. inf. nurs.$b(Online)
=222  \0$aComputers, informatics, nursing$b(Online)
=245  00$aComputers, informatics, nursing :$bCIN.
=246  30$aCIN
=264  \1$a[Philadelphia, PA] :$bLippincott, Williams & Wilkins,$c2002-
=310  \\$aMonthly
=321  \\$aBimonthly
=336  \\$atext$2rdacontent
=337  \\$acomputer$2rdamedia
=338  \\$aonline resource$2rdacarrier
=362  0\$aVolume 20, issue 2 (March/April 2002)-
=500  \\$aTitle from table of contents page (publisher's Web site, viewed March 27, 2013).
=515  \\$aContinues numbering sequence from original title.
=588  \\$aLatest issue consulted: volume 33, issue 5 (May 2015) (Wolters Kluwer, viewed May 19, 2015).
=540  \\$aCurrent copyright fee: GBP32.00$c20\0$5Uk
=650  \0$aNursing$xData processing$vPeriodicals.
=780  00$tComputers in nursing$x2376-3892
=780  05$tCIN plus$x1538-9790
=776  08$iAlso issued in print as:$tComputers, informatics, nursing$x1538-2931
=859  \\$aELD$bejournal
=856  \\$31850-9999$uhttp://journals.lww.com$xBLDSS
=852  41$aBritish Library$bHMNTS$jELD Digital store$3Volume 33:Issue 1(2015)-
=852  41$aBritish Library$bDSC$j3198.496810$3Volume 32:Issue 2(2014)-
=945  \\$aCIN -Hagerstown Md-.
=959  \\$fCurrently received
=CAT  \\$a12654$b40$c20130220$lBLL01$h1546
=CAT  \\$aBATCH-UPD$b40$c20130522$lBLL01$h1718
=CAT  \\$aBATCH-CLA$b00$c20130526$lBLL01$h1656
=CAT  \\$aIPL-CLA$c20130701$lBLL01$h0156
=CAT  \\$a12654$b40$c20130710$lBLL01$h0901
=CAT  \\$a8409$b40$c20130725$lBLL01$h1423
=CAT  \\$aBATCH-UPD$b40$c20131119$lBLL01$h2009
=CAT  \\$aIPL-CLA$c20140101$lBLL01$h0208
=CAT  \\$aBATCH-UPD$b00$c20140527$lBLL01$h2037
=CAT  \\$aBATCH-CLA$c20140528$lBLL01$h1815
=CAT  \\$aIPL-CLA$c20140630$lBLL01$h1758
=CAT  \\$aBLDSS-3PM$b00$c20141116$lBLL01$h1731
=CAT  \\$aBATCH-UPD$b00$c20150219$lBLL01$h1729
=CAT  \\$aIPL-CLA$c20150331$lBLL01$h1722
=CAT  \\$a10902$b40$c20150515$lBLL01$h1346
=CAT  \\$a11316$b40$c20150519$lBLL01$h1056
=CAT  \\$aBATCH-UPD$b40$c20150520$lBLL01$h1739
=CAT  \\$aIPL-CLA$c20150630$lBLL01$h1719
=CAT  \\$aBATCH-UPD$b00$c20150820$lBLL01$h1825
=CAT  \\$aBATCH-UPD$b00$c20150820$lBLL01$h1942
=CAT  \\$aIPL-CLA$c20150930$lBLL01$h1847
=CAT  \\$aBATCH-UPD$b00$c20160217$lBLL01$h1713
=CAT  \\$aIPL-CLA$c20160331$lBLL01$h1811
=CAT  \\$aBATCH-UPD$b00$c20160519$lBLL01$h0942
=CAT  \\$aBATCH-UPD$b00$c20160524$lBLL01$h2159
=CAT  \\$aW1711-1005$c20171206$lBLL01$h1825
=CFI  0\$aCurrent copyright fee: GBP32.00$c20\0$e01-apr-2016$fGBP32.00$g0$hP$5Uk
=CFI  2\$aPrevious copyright fee: GBP30.32$c20\0$e01-oct-2015$fGBP30.32$g0$hP$5Uk
=EST  \\$a1
=FFP  \\$aY$bBLDSS-3PM
=FIN  \\$aY$d20130415
=LET  \0$aCIN Computers, informatics, nursing (Electronic)
=LKR  \\$aPAR$b012393800$lBLL01$nComputers, informatics, nursing (Print)$mComputers, informatics, nursing (Online)$r776
=MNI  \\$a1538-2931
=TCO  \\$aTRS$bCCC$c008
=TOC  \\$aETOC
=UNO  \\$aY
=ACF  \\$aPrevious copyright fee: GBP29.38$c20\0$e19-feb-2013$fGBP29.38$g0$hP$5Uk
=ACF  \\$aPrevious copyright fee: GBP30.32$c20\0$e01-jul-2013$fGBP30.32$g0$hP$5Uk
=ACF  \\$aPrevious copyright fee: GBP29.38$c20\0$e01-jan-2014$fGBP29.38$g0$hP$5Uk
=ACF  \\$aPrevious copyright fee: GBP28.48$c20\0$e01-jul-2014$fGBP28.48$g0$hP$5Uk
=ACF  \\$aPrevious copyright fee: GBP30.32$c20\0$e01-apr-2015$fGBP30.32$g0$hP$5Uk
=ACF  \\$aPrevious copyright fee: GBP31.33$c20\0$e01-jul-2015$fGBP31.33$g0$hP$5Uk
=LAS  \\$aW1711-1005$b00$c20171206$lBLL01$h1825

