=LDR  03827cas a2200937 i 4500
=001  016413722
=003  Uk
=005  20221029115747.0
=006  m\\\\\|\\d\|\\\\\\
=007  cr\|||||||||||
=008  130516c19829999xxubr\p\o\\\\\0\\\a0eng\\
=FMT  \\$a  SE
=015  \\$aGBB351321$2bnb
=022  \\$a1944-9194
=037  \\$aISSN_02787407$bPortico$nWiley
=040  \\$aUk$beng$cUk$erda
=042  \\$aukblsr
=082  04$a551.8$223
=222  \0$aTectonics$b(Online)
=245  00$aTectonics.
=264  \1$aWashington, D.C. :$bAmerican Geophysical Union,$c1982-
=264  31$a[Hoboken] :$bJohn Wiley & Sons, Inc
=310  \\$aBimonthly
=336  \\$atext$2rdacontent
=337  \\$acomputer$2rdamedia
=338  \\$aonline resource$2rdacarrier
=588  \\$aDescription based on print version record.
=588  \\$aLatest issue consulted: volume 32, issue 1 (January/February 2013) (Wiley Online Library, viewed May 28, 2013).
=540  \\$aCurrent Copyright Fee: GBP39.00$c35\0$5Uk
=650  \0$aGeology, Structural$vPeriodicals.
=710  2\$aAmerican Geophysical Union,$eissuing body.
=776  08$iAlso issued in print as:$tTectonics$x0278-7407
=859  \\$aELD$bejournal
=856  \\$31850-9999$uhttp://onlinelibrary.wiley.com/$xBLDSS
=852  \\$aBritish Library$bDSC$j8673.003500$3Volume 33:Issue 1(2014)-Volume 33:Issue 12(2014)***See ESTAR for full holdings.
=852  41$aBritish Library$bHMNTS$jELD Digital store$3Volume 32:Issue 1(2013:Jan./Feb.)-
=945  \\$aTectonics
=959  \\$fHeld but not currently received
=979  \\$aBritish Library$bDSC$j8763.003500
=985  \\$aELD accessioning record upgraded, May 28, 2013.
=CAT  \\$a8464$b40$c20130516$lBLL01$h1215
=CAT  \\$aBATCH-CLA$b00$c20131129$lBLL01$h1704
=CAT  \\$aIPL-CLA$c20140101$lBLL01$h0211
=CAT  \\$a12654$b40$c20140102$lBLL01$h1433
=CAT  \\$a12654$b40$c20140102$lBLL01$h1439
=CAT  \\$aWR14_009$c20140204$lBLL01$h2343
=CAT  \\$aBATCH-CLA$b00$c20140228$lBLL01$h1619
=CAT  \\$aIPL-CLA$c20140331$lBLL01$h1642
=CAT  \\$a12654$b40$c20140609$lBLL01$h1346
=CAT  \\$aBLDSS-3PM$b00$c20141214$lBLL01$h1527
=CAT  \\$aBATCH-UPD$b00$c20150215$lBLL01$h1706
=CAT  \\$aIPL-CLA$c20150228$lBLL01$h2057
=CAT  \\$aCDS15-UPD$b40$c20150918$lBLL01$h1640
=CAT  \\$aBATCH-UPD$b40$c20160531$lBLL01$h1137
=CAT  \\$aW1711-1005$c20171206$lBLL01$h1825
=CAT  \\$aBATCH-UPD$b00$c20180219$lBLL01$h1756
=CAT  \\$aBATCH-UPD$b00$c20181121$lBLL01$h1626
=CAT  \\$aIPL-CLA$c20181231$lBLL01$h1553
=CAT  \\$aR1911-0245$c20191127$lBLL01$h0945
=CAT  \\$aR1911-0245$c20191127$lBLL01$h1045
=CAT  \\$aIPL-CLA$c20191231$lBLL01$h2034
=CAT  \\$a5410$b40$c20200207$lBLL01$h0909
=CAT  \\$a5410$b40$c20200210$lBLL01$h1307
=CAT  \\$a5410$b40$c20200210$lBLL01$h1308
=CAT  \\$a5410$b40$c20200224$lBLL01$h1136
=CAT  \\$a5410$b40$c20221029$lBLL01$h1157
=CFI  0\$aCurrent Copyright Fee: GBP39.00$c35\0$e01-jan-2020$fGBP39.00$g0$hP$5Uk
=CFI  2\$aPrevious copyright fee: GBP28.00$c35\0$e01-jan-2019$fGBP28.00$g0$hP$5Uk
=EST  \\$a1
=FFP  \\$aY$bBLDSS-3PM
=FIN  \\$aY$d20130528
=LKR  \\$aPAR$b012116668$lBLL01$nTectonics (Print)$mTectonics (Online)$r776
=MNI  \\$a0278-7407
=TOC  \\$aETOC
=UNO  \\$aY
=ACF  \\$aPrevious Copyright Fee: GBP12.00$c0$e01-jul-2013$fGBP12.00$g0$hC$5Uk
=ACF  \\$aPrevious Copyright Fee: GBP22.00$c0$e01-apr-2014$fGBP22.00$g0$hC$5Uk
=ACF  \\$aPrevious Copyright Fee: GBP22.60$c0$e01-jan-2014$fGBP22.60$g0$hC$5Uk
=ACF  \\$aPrevious Copyright Fee: GBP22.00$c35\0$e09-jun-2014$fGBP22.00$g0$hP$5Uk
=ACF  \\$aPrevious copyright fee: GBP24.00$c35\0$e01-mar-2015$fGBP24.00$g0$hP$5Uk
=LAS  \\$a5410$b40$c20221029$lBLL01$h1157

