=LDR  03272cas a22007817a 4500
=001  017867560
=003  Uk
=005  20230418215651.0
=006  m\\\\\\\\d\|||||||
=007  cr\|||||||||||
=008  160606c\\\\9999\\\\\\\\\\\\\\0\\\a0eng\\
=FMT  \\$a  SE
=022  \\$a2471-1624
=037  \\$aISSN_24711616$bPortico$nTaylor & Francis
=040  \\$aUk$beng$cUk
=082  04$a613.7$221
=245  00$aInternational journal of kinesiology in higher education.
=264  \1$aPhiladelphia, PA :$bTaylor & Francis Group
=336  \\$atext$2rdacontent
=337  \\$acomputer$2rdamedia
=338  \\$aonline resource$2rdacarrier
=540  \\$aCurrent copyright fee: GBP37.00$c2\0$5Uk
=859  \\$aELD$bejournal
=856  \\$31850-9999$uhttp://www.tandfonline.com/$xBLDSS
=852  \\$aBritish Library$bDSC$j5085.652550$3Volume 1:Issue 1(2017)-Volume 1:Issue 4(2017)***See ESTAR for full holdings.
=852  41$aBritish Library$bHMNTS$jELD Digital store$3Volume 1:Number 1(2017)-
=945  \\$aInternational journal of kinesiology in higher education.
=959  \\$fHeld but not currently received
=979  \\$aBritish Library$bDSC$j5085.652550
=985  \\$a3rd party access title for Remote supply please retain as base record when merging/deleting
=CAT  \\$a5552$b40$c20160606$lBLL01$h1207
=CAT  \\$aIPL-CLA$c20161231$lBLL01$h0026
=CAT  \\$a11433$b40$c20170114$lBLL01$h1034
=CAT  \\$a11450$b40$c20170221$lBLL01$h0835
=CAT  \\$a11450$b40$c20170221$lBLL01$h0844
=CAT  \\$a12654$b40$c20170428$lBLL01$h1035
=CAT  \\$a12654$b40$c20170428$lBLL01$h1039
=CAT  \\$aBATCH-UPD$b40$c20171121$lBLL01$h1651
=CAT  \\$aW1711-1005$c20171206$lBLL01$h1829
=CAT  \\$aIPL-CLA$c20171231$lBLL01$h1832
=CAT  \\$aBATCH-UPD$b00$c20181217$lBLL01$h1641
=CAT  \\$aIPL-CLA$c20181231$lBLL01$h1555
=CAT  \\$aW1811-111$c20190203$lBLL01$h0956
=CAT  \\$a5410$b40$c20190816$lBLL01$h1124
=CAT  \\$a5410$b40$c20190816$lBLL01$h1134
=CAT  \\$a5410$b40$c20190816$lBLL01$h1137
=CAT  \\$a5410$b40$c20190816$lBLL01$h1223
=CAT  \\$a5410$b40$c20190821$lBLL01$h1555
=CAT  \\$aBATCH-UPD$b40$c20191122$lBLL01$h1903
=CAT  \\$aIPL-CLA$c20191231$lBLL01$h2043
=CAT  \\$a8055$b40$c20200828$lBLL01$h1249
=CAT  \\$aBATCH-UPD$b40$c20201118$lBLL01$h1337
=CAT  \\$aIPL-CLA$c20201231$lBLL01$h1534
=CAT  \\$aBATCH-UPD$b00$c20221121$lBLL01$h1350
=CAT  \\$aIPL-CLA$c20221231$lBLL01$h1454
=CAT  \\$a5410$b40$c20230418$lBLL01$h2156
=CFI  0\$aCurrent copyright fee: GBP37.00$c2\0$e01-jan-2023$fGBP37.00$g0$hP$5Uk
=CFI  2\$aPrevious copyright fee: GBP35.00$c2\0$e01-jan-2021$fGBP35.00$g0$hP$5Uk
=EST  \\$a1
=FFP  \\$aY$bBLDSS-3PM
=MNI  \\$a2471-1616
=TOC  \\$aETOC
=ACF  \\$aPrevious copyright fee: GBP26.00$c2\0$e06-jun-2016$fGBP26.00$g0$hP$5Uk
=ACF  \\$aPrevious copyright fee: GBP28.00$c2\0$e01-jan-2017$fGBP28.00$g0$hP$5Uk
=ACF  \\$aPrevious copyright fee: GBP30.00$c2\0$e01-jan-2018$fGBP30.00$g0$hP$5Uk
=ACF  \\$aPrevious copyright fee: GBP32.00$c2\0$e01-jan-2019$fGBP32.00$g0$hP$5Uk
=ACF  \\$aPrevious copyright fee: GBP34.00$c2\0$e01-jan-2020$fGBP34.00$g0$hP$5Uk
=LAS  \\$a5410$b40$c20230418$lBLL01$h2156

