=LDR  03035cas a2200733 i 4500
=001  017008388
=003  Uk
=005  20230415171820.0
=006  m\\\\\\\\d\\\\\\\\
=007  cr\|||||||||||
=008  150113c\\\\9999\\\\\\p\s\\\\\0\\\a0eng\\
=FMT  \\$a  SE
=022  \\$a2204-0064$y1320-0968
=037  \\$aISSN_13200968_21$bPortico$nTaylor & Francis
=040  \\$aUk$beng$cUk$erda
=245  00$aThe Australian feminist law journal.
=264  \1$aAbingdon :$bTaylor & Francis$c[2015]
=336  \\$atext$2rdacontent
=337  \\$acomputer$2rdamedia
=338  \\$aonline resource$2rdacarrier
=538  \\$aMode of access: World Wide Web.
=540  \\$aCurrent copyright fee: GBP37.00$c2\0$5Uk
=856  \\$31850-9999$uhttp://www.tandfonline.com/$xBLDSS
=859  \\$aELD$bejournal
=852  41$aBritish Library$bHMNTS$jELD Digital store$3Volume 42:Issue 1(2016)-
=852  41$aBritish Library$bDSC$j1798.923300$3Volume 41:Issue 1(2015)-Volume 43:Issue 2(2017)
=945  \\$aAustralian feminist law journal.
=959  \\$fHeld but not currently received
=979  \\$aBritish Library$bDSC$j1798.923300
=CAT  \\$a12654$b40$c20150113$lBLL01$h1244
=CAT  \\$aBLDSS-3PM$b00$c20150215$lBLL01$h1114
=CAT  \\$aBATCH-UPD$b00$c20151119$lBLL01$h1546
=CAT  \\$aIPL-CLA$c20151231$lBLL01$h1936
=CAT  \\$aBATCH-UPD$b00$c20160809$lBLL01$h0435
=CAT  \\$aBATCH-UPD$b00$c20161122$lBLL01$h1515
=CAT  \\$aIPL-CLA$c20161231$lBLL01$h0021
=CAT  \\$a10983$b40$c20170525$lBLL01$h1623
=CAT  \\$aBATCH-UPD$b40$c20171121$lBLL01$h1651
=CAT  \\$aW1711-1005$c20171206$lBLL01$h1827
=CAT  \\$aIPL-CLA$c20171231$lBLL01$h1827
=CAT  \\$aBATCH-UPD$b00$c20181217$lBLL01$h1641
=CAT  \\$aIPL-CLA$c20181231$lBLL01$h1554
=CAT  \\$aW1811-111$c20190203$lBLL01$h0956
=CAT  \\$aBATCH-UPD$b00$c20191122$lBLL01$h1903
=CAT  \\$aIPL-CLA$c20191231$lBLL01$h2040
=CAT  \\$a5552$b40$c20200806$lBLL01$h1344
=CAT  \\$aBATCH-UPD$b40$c20201118$lBLL01$h1337
=CAT  \\$aIPL-CLA$c20201231$lBLL01$h1533
=CAT  \\$aBATCH-UPD$b00$c20221121$lBLL01$h1350
=CAT  \\$aIPL-CLA$c20221231$lBLL01$h1453
=CAT  \\$a5410$b40$c20230415$lBLL01$h1718
=CFI  0\$aCurrent copyright fee: GBP37.00$c2\0$e01-jan-2023$fGBP37.00$g0$hP$5Uk
=CFI  2\$aPrevious copyright fee: GBP35.00$c2\0$e01-jan-2021$fGBP35.00$g0$hP$5Uk
=EST  \\$a1
=FFP  \\$aY$bBLDSS-3PM
=MNI  \\$a1320-0968
=TOC  \\$aETOC
=ACF  \\$aPrevious copyright fee: GBP25.00$c2\0$e13-jan-2015$fGBP25.00$g0$hP$5Uk
=ACF  \\$aPrevious copyright fee: GBP26.00$c2\0$e01-jan-2016$fGBP26.00$g0$hP$5Uk
=ACF  \\$aPrevious copyright fee: GBP28.00$c2\0$e01-jan-2017$fGBP28.00$g0$hP$5Uk
=ACF  \\$aPrevious copyright fee: GBP30.00$c2\0$e01-jan-2018$fGBP30.00$g0$hP$5Uk
=ACF  \\$aPrevious copyright fee: GBP32.00$c2\0$e01-jan-2019$fGBP32.00$g0$hP$5Uk
=ACF  \\$aPrevious copyright fee: GBP34.00$c2\0$e01-jan-2020$fGBP34.00$g0$hP$5Uk
=LAS  \\$a5410$b40$c20230415$lBLL01$h1718

