=LDR  03036cas a2200757 i 4500
=001  017067025
=003  Uk
=005  20230415172208.0
=006  m\\\\\\\\d\\\\\\\\
=007  cr\|||||||||||
=008  150212c\\\\9999\\\\\\p\s\\\\\0\\\a0eng\\
=FMT  \\$a  SE
=022  \\$a2373-700X$y1532-7728
=037  \\$aISSN_23736992$bPortico$nTaylor & Francis
=040  \\$aUk$beng$cUk$erda
=245  00$aJournal of media ethics.
=264  \1$aPhiladelphia :$bRoutledge$c[2015]
=336  \\$atext$2rdacontent
=337  \\$acomputer$2rdamedia
=338  \\$aonline resource$2rdacarrier
=538  \\$aMode of access: World Wide Web.
=540  \\$aCurrent copyright fee: GBP37.00$c2\0$5Uk
=856  \\$31850-9999$uhttp://www.tandfonline.com/$xBLDSS
=859  \\$aELD$bejournal
=852  41$aBritish Library$bHMNTS$jELD Digital store$3Volume 31:Issue 1(2016)-
=852  41$aBritish Library$bDSC$j5017.044600
=945  \\$aJournal of media ethics.
=959  \\$fHeld but not currently received
=979  \\$aBritish Library$bDSC$j5017.044600
=CAT  \\$a12654$b40$c20150212$lBLL01$h1618
=CAT  \\$aBLDSS-3PM$b00$c20150522$lBLL01$h1544
=CAT  \\$aBATCH-UPD$b00$c20151119$lBLL01$h1546
=CAT  \\$aIPL-CLA$c20151231$lBLL01$h1936
=CAT  \\$aBATCH-UPD$b00$c20160815$lBLL01$h0409
=CAT  \\$aBATCH-UPD$b00$c20161122$lBLL01$h1515
=CAT  \\$aIPL-CLA$c20161231$lBLL01$h0022
=CAT  \\$a10983$b40$c20170222$lBLL01$h1145
=CAT  \\$a14346$b40$c20170502$lBLL01$h0909
=CAT  \\$a14586$b40$c20170502$lBLL01$h1108
=CAT  \\$aBATCH-UPD$b40$c20171121$lBLL01$h1651
=CAT  \\$aW1711-1005$c20171206$lBLL01$h1828
=CAT  \\$aIPL-CLA$c20171231$lBLL01$h1828
=CAT  \\$aBATCH-UPD$b00$c20181217$lBLL01$h1641
=CAT  \\$aIPL-CLA$c20181231$lBLL01$h1554
=CAT  \\$aW1811-111$c20190203$lBLL01$h0956
=CAT  \\$aBATCH-UPD$b00$c20191122$lBLL01$h1903
=CAT  \\$aIPL-CLA$c20191231$lBLL01$h2040
=CAT  \\$aBATCH-UPD$b00$c20201118$lBLL01$h1337
=CAT  \\$aIPL-CLA$c20201231$lBLL01$h1533
=CAT  \\$aBATCH-UPD$b00$c20221121$lBLL01$h1350
=CAT  \\$aIPL-CLA$c20221231$lBLL01$h1453
=CAT  \\$a5410$b40$c20230415$lBLL01$h1722
=CFI  0\$aCurrent copyright fee: GBP37.00$c2\0$e01-jan-2023$fGBP37.00$g0$hP$5Uk
=CFI  2\$aPrevious copyright fee: GBP35.00$c2\0$e01-jan-2021$fGBP35.00$g0$hP$5Uk
=EST  \\$a1
=FFP  \\$aY$bBLDSS-3PM
=MNI  \\$a0890-0523
=MNI  \\$a2373-6992
=TOC  \\$aETOC
=ACF  \\$aPrevious copyright fee: GBP25.00$c2\0$e12-feb-2015$fGBP25.00$g0$hP$5Uk
=ACF  \\$aPrevious copyright fee: GBP26.00$c2\0$e01-jan-2016$fGBP26.00$g0$hP$5Uk
=ACF  \\$aPrevious copyright fee: GBP28.00$c2\0$e01-jan-2017$fGBP28.00$g0$hP$5Uk
=ACF  \\$aPrevious copyright fee: GBP30.00$c2\0$e01-jan-2018$fGBP30.00$g0$hP$5Uk
=ACF  \\$aPrevious copyright fee: GBP32.00$c2\0$e01-jan-2019$fGBP32.00$g0$hP$5Uk
=ACF  \\$aPrevious copyright fee: GBP34.00$c2\0$e01-jan-2020$fGBP34.00$g0$hP$5Uk
=LAS  \\$a5410$b40$c20230415$lBLL01$h1722

