=LDR  01984cas a22005417a 4500
=001  017110905
=003  Uk
=005  20230416120605.0
=007  cr\|||||||||||
=008  150316c\\\\9999\\\\\\\\\\\\\\0\\\a0eng\\
=FMT  \\$a  SE
=022  \\$a1543-950X
=037  \\$aISSN_1543950X_21$bPortico$nTaylor & Francis
=040  \\$aUk$beng$cUk
=245  00$aCAA reviews.
=246  2\$aCollege Art Association reviews
=264  \1$aNew York, NY :$bCollege Art Association,$c1998-
=336  \\$atext$2rdacontent
=337  \\$acomputer$2rdamedia
=338  \\$aonline resource$2rdacarrier
=540  \\$aCurrent copyright fee: zero$c2\0$5Uk
=710  2\$aCollege Art Association (U.S.)
=856  \\$31850-9999$uhttp://www.tandfonline.com/$xBLDSS
=859  \\$aELD$bejournal
=852  \\$aBritish Library$bDSC$j2943.680000$3See ESTAR for full holdings.
=852  41$aBritish Library$bHMNTS$jELD Digital store$3Content not received
=945  \\$aCAA reviews.
=959  \\$fHeld but not currently received
=979  \\$aBritish Library$bDSC$j2943.680000
=985  \\$a3rd party access title for Remote supply please retain as base record when merging/deleting
=CAT  \\$a5552$b40$c20150316$lBLL01$h1050
=CAT  \\$a5552$b40$c20150316$lBLL01$h1052
=CAT  \\$aBLDSS-3PM$b00$c20150513$lBLL01$h0807
=CAT  \\$aBATCH-UPD$b00$c20160413$lBLL01$h1828
=CAT  \\$a5552$b40$c20161214$lBLL01$h1537
=CAT  \\$a10983$b40$c20161230$lBLL01$h1501
=CAT  \\$a11450$b40$c20170221$lBLL01$h0831
=CAT  \\$a12654$b40$c20170428$lBLL01$h0924
=CAT  \\$aW1711-1005$c20171206$lBLL01$h1828
=CAT  \\$aW1811-111$c20190203$lBLL01$h0956
=CAT  \\$a8483$b40$c20200121$lBLL01$h1155
=CAT  \\$a5410$b40$c20221029$lBLL01$h1209
=CAT  \\$a5410$b40$c20230416$lBLL01$h1206
=CFI  0\$aCurrent copyright fee: zero$c2\0$e16-mar-2015$fGBP0.00$g0$hP$5Uk
=EST  \\$a1
=FFP  \\$aY$bBLDSS-3PM
=TOC  \\$aETOC
=LAS  \\$a5410$b40$c20230416$lBLL01$h1206

