=LDR  03502cas a2200829 i 4500
=001  017146812
=003  Uk
=005  20230922074041.0
=006  m\\\\\|\\d\|\\\\\\
=007  cr\|||||||||||
=008  150409c20139999ne\mr\p\o\\\\\0\\\a0eng\\
=FMT  \\$a  SE
=015  \\$aGBB556335$2bnb
=022  \\$a2213-8595$l2213-8587
=037  \\$aISSN_22138587$bPortico$nElsevier
=040  \\$aUk$beng$cUk$erda
=042  \\$aukblsr
=082  04$a616.4$223
=222  \4$aThe lancet. Diabetes & endocrinology$b(Online)
=245  04$aThe lancet.$pDiabetes & endocrinology.
=246  30$aDiabetes & endocrinology
=264  \1$a[Amsterdam] :$bElsevier,$c2013-
=310  \\$aMonthly
=336  \\$atext$2rdacontent
=337  \\$acomputer$2rdamedia
=338  \\$aonline resource$2rdacarrier
=362  0\$aVolume 1, issue 1 (September 2013)-
=588  \\$aDescription based on: volume 1, issue 1 (September 2013); title from journal information screen (ScienceDirect, viewed April 29, 2015).
=588  \\$aLatest issue consulted: volume 3, issue 5 (May 2015) (ScienceDirect, viewed April 29, 2015).
=540  \\$aCurrent copyright fee: GBP34.30$c5\1$5Uk
=650  \0$aDiabetes$vPeriodicals.
=650  \0$aEndocrinology$vPeriodicals.
=650  \0$aEndocrine glands$xDiseases$vPeriodicals.
=776  08$iAlso issued in print as:$tLancet. Diabetes & endocrinology$x2213-8587
=859  \\$aELD$bejournal
=856  \\$31850-9999$uhttp://www.sciencedirect.com/$xBLDSS
=852  41$aBritish Library$bSTI$jELD Digital store$3Volume 3:Issue 1(2015)-***Previous issues available in print copy
=852  \\$aBritish Library$bDSC$j5146.080050$3Volume 7:Issue 1(2019)-***Perpetual access from first issue of journal
=945  \\$aLancet diabetes and endocrinology
=959  \\$fCurrently received
=CAT  \\$a10983$b40$c20150409$lBLL01$h1105
=CAT  \\$a5997$b40$c20150429$lBLL01$h1232
=CAT  \\$a5997$b40$c20150429$lBLL01$h1357
=CAT  \\$a5997$b40$c20150429$lBLL01$h1358
=CAT  \\$aBATCH-CLA$b00$c20150529$lBLL01$h1529
=CAT  \\$a5552$b40$c20150623$lBLL01$h0931
=CAT  \\$aBLDSS-3PM$b00$c20150819$lBLL01$h0837
=CAT  \\$a5552$b40$c20160211$lBLL01$h1556
=CAT  \\$aBATCH-UPD$b40$c20160413$lBLL01$h1828
=CAT  \\$aBATCH-UPD$b40$c20160601$lBLL01$h1123
=CAT  \\$a5552$b40$c20170216$lBLL01$h1137
=CAT  \\$aBATCH-UPD$b40$c20171121$lBLL01$h1756
=CAT  \\$aW1711-1005$c20171206$lBLL01$h1828
=CAT  \\$aIPL-CLA$c20171231$lBLL01$h1828
=CAT  \\$a8055$b40$c20190305$lBLL01$h1322
=CAT  \\$aBATCH-UPD$b40$c20190521$lBLL01$h1447
=CAT  \\$aIPL-CLA$c20190630$lBLL01$h1548
=CAT  \\$aBATCH-UPD$b00$c20211119$lBLL01$h1603
=CAT  \\$aIPL-CLA$c20211231$lBLL01$h1547
=CAT  \\$a10806$b40$c20230922$lBLL01$h0740
=CFI  0\$aCurrent copyright fee: GBP34.30$c5\1$e01-jan-2022$fGBP34.30$g0$hP$5Uk
=CFI  2\$aPrevious copyright fee: GBP32.84$c5\1$e01-jul-2019$fGBP32.84$g0$hP$5Uk
=EST  \\$a1
=FFP  \\$aY$bBLDSS-3PM
=FIN  \\$aY$d20150429
=LET  \4$aThe lancet. Diabetes & endocrinology (Electronic)
=LKR  \\$aPAR$b016456709$lBLL01$nThe lancet. Diabetes & endocrinology (Print)$mThe lancet. Diabetes & endocrinology (Online)$r776
=MNI  \\$a2213-8587
=TOC  \\$aETOC
=ACF  \\$aPrevious copyright fee: GBP22.50$c5\1$e23-jun-2015$fGBP22.50$g0$hP$5Uk
=ACF  \\$aPrevious copyright fee: GBP23.40$c5\1$e01-jan-2018$fGBP23.40$g0$hP$5Uk
=LAS  \\$a10806$b40$c20230922$lBLL01$h0740

