=LDR  02010cas a2200529 i 4500
=001  017368312
=003  Uk
=005  20221231145336.0
=006  m\\\\\\\\d\\\\\\\\
=007  cr\|||||||||||
=008  150520c\\\\9999\\\\\\p\s\\\\\0\\\a0eng\\
=FMT  \\$a  SE
=022  \\$y2199-5796
=037  \\$a???$bSpringer
=040  \\$aUk$beng$cUk$erda
=245  00$aInternational journal of applied and computational mathematics.
=264  \1$aHeidelberg :$bSpringer$c[2015]
=336  \\$atext$2rdacontent
=337  \\$acomputer$2rdamedia
=338  \\$aonline resource$2rdacarrier
=538  \\$aMode of access: World Wide Web.
=540  \\$aCurrent copyright fee: GBP29.95$c22\1$5Uk
=859  \\$aELD$bejournal
=856  \\$31850-9999$uhttp://spie.org$xBLDSS
=852  41$aBritish Library$bDSC$j4542.084600$3Volume 1:Issue 1(2015)-Volume 2:Issue 1(2016)***See ESTAR for full holdings.
=852  41$aBritish Library$bHMNTS$jELD Digital store$3Volume 4:Issue 1(2018)-
=945  \\$aInternational journal of applied and computational mathematics.
=959  \\$fHeld but not currently received
=CAT  \\$a12654$b40$c20150520$lBLL01$h1103
=CAT  \\$aBLDSS-3PM$b00$c20150611$lBLL01$h1743
=CAT  \\$a12654$b40$c20160308$lBLL01$h0912
=CAT  \\$aBATCH-UPD$b40$c20160524$lBLL01$h2256
=CAT  \\$aBATCH-UPD$b40$c20160525$lBLL01$h0636
=CAT  \\$a5552$b40$c20190131$lBLL01$h1556
=CAT  \\$aBATCH-UPD$b40$c20190205$lBLL01$h2350
=CAT  \\$a15190$b40$c20201130$lBLL01$h1151
=CAT  \\$aBATCH-UPD$b40$c20221121$lBLL01$h1406
=CAT  \\$aIPL-CLA$c20221231$lBLL01$h1453
=CFI  0\$aCurrent copyright fee: GBP29.95$c22\1$e01-jan-2023$fGBP29.95$g0$hP$5Uk
=CFI  2\$aPrevious copyright fee: GBP34.00$c22\1$e31-jan-2019$fGBP34.00$g0$hP$5Uk
=EST  \\$a1
=FFP  \\$aY$bBLDSS-3PM
=MNI  \\$a2349-5103
=TOC  \\$aETOC
=UNO  \\$aY
=ACF  \\$aPrevious copyright fee: GBP17.00$c55\0$e20-may-2015$fGBP17.00$g0$hP$5Uk
=LAS  \\$aIPL-CLA$b00$c20221231$lBLL01$h1453

