=LDR  03100cas a2200757 i 4500
=001  017371579
=003  Uk
=005  20221231145336.0
=006  m\\\\\\\\d\\\\\\\\
=007  cr\|||||||||||
=008  150526c\\\\9999\\\\\\p\s\\\\\0\\\a0eng\\
=FMT  \\$a  SE
=022  \\$y2363-6211
=037  \\$a???$bSpringer
=040  \\$aUk$beng$cUk$erda
=245  00$aModeling earth systems and environment.
=264  \1$aHeidelberg:$bSpringer$c[2015]
=336  \\$atext$2rdacontent
=337  \\$acomputer$2rdamedia
=338  \\$aonline resource$2rdacarrier
=538  \\$aMode of access: World Wide Web.
=540  \\$aCurrent copyright fee: GBP29.95$c22\1$5Uk
=859  \\$aELD$bejournal
=856  \\$31850-9999$uhttp://link.springer.com$xBLDSS
=852  41$aBritish Library$bDSC$j5883.525470$3Volume 1:Issue 1/2(2015)-Volume 3:Issue 4(2017)***See ESTAR for full holdings.
=852  41$aBritish Library$bHMNTS$jELD Digital store$3Volume 3:Issue 4(2017)-
=945  \\$aModeling earth systems and environment.
=959  \\$fHeld but not currently received
=979  \\$aBritish Library$bDSC$j5883.525470
=CAT  \\$a12654$b40$c20150526$lBLL01$h1059
=CAT  \\$a12654$b40$c20150527$lBLL01$h1403
=CAT  \\$aBLDSS-3PM$b00$c20150611$lBLL01$h1743
=CAT  \\$aBATCH-UPD$b00$c20160217$lBLL01$h1814
=CAT  \\$a12654$b40$c20160308$lBLL01$h1128
=CAT  \\$aIPL-CLA$c20160331$lBLL01$h1819
=CAT  \\$aBATCH-UPD$b00$c20160524$lBLL01$h2200
=CAT  \\$aBATCH-UPD$b00$c20160524$lBLL01$h2307
=CAT  \\$aBATCH-UPD$b00$c20160824$lBLL01$h1839
=CAT  \\$aIPL-CLA$c20160930$lBLL01$h1644
=CAT  \\$aBATCH-UPD$b00$c20170216$lBLL01$h1922
=CAT  \\$aIPL-CLA$c20170331$lBLL01$h1923
=CAT  \\$aBATCH-UPD$b00$c20170904$lBLL01$h1943
=CAT  \\$aIPL-CLA$c20170929$lBLL01$h1808
=CAT  \\$aBATCH-UPD$b00$c20180223$lBLL01$h1822
=CAT  \\$aIPL-CLA$c20180331$lBLL01$h1712
=CAT  \\$aBATCH-UPD$b00$c20180524$lBLL01$h1740
=CAT  \\$aIPL-CLA$c20180630$lBLL01$h1942
=CAT  \\$a5410$b40$c20200911$lBLL01$h0921
=CAT  \\$a15190$b40$c20210316$lBLL01$h1008
=CAT  \\$a5410$b40$c20221030$lBLL01$h1300
=CAT  \\$aBATCH-UPD$b40$c20221121$lBLL01$h1406
=CAT  \\$aIPL-CLA$c20221231$lBLL01$h1453
=CFI  0\$aCurrent copyright fee: GBP29.95$c22\1$e01-jan-2023$fGBP29.95$g0$hP$5Uk
=CFI  2\$aPrevious copyright fee: GBP34.00$c22\1$e01-jul-2018$fGBP34.00$g0$hP$5Uk
=EST  \\$a1
=FFP  \\$aY$bBLDSS-3PM
=MNI  \\$a2363-6203
=TOC  \\$aETOC
=UNO  \\$aY
=ACF  \\$aPrevious copyright fee: GBP25.77$c4\1$e26-may-2015$fGBP25.77$g0$hP$5Uk
=ACF  \\$aPrevious copyright fee: GBP27.55$c4\1$e01-apr-2016$fGBP27.55$g0$hP$5Uk
=ACF  \\$aPrevious copyright fee: GBP29.59$c4\1$e01-oct-2016$fGBP29.59$g0$hP$5Uk
=ACF  \\$aPrevious copyright fee: GBP31.96$c4\1$e01-apr-2017$fGBP31.96$g0$hP$5Uk
=ACF  \\$aPrevious copyright fee: GBP30.73$c4\1$e01-oct-2017$fGBP30.73$g0$hP$5Uk
=ACF  \\$aPrevious copyright fee: GBP28.54$c4\1$e01-apr-2018$fGBP28.54$g0$hP$5Uk
=LAS  \\$aIPL-CLA$b00$c20221231$lBLL01$h1453

