=LDR  04869cas a2201033 a 4500
=001  013690938
=003  Uk
=005  20211231154355.0
=006  m\\\\\o\\d\\\\\\\\
=007  cr\gnu||||||||
=008  050614c20019999maubr\pso\\\\\0\\\\0eng\c
=FMT  \\$a  SE
=010  \\$a2006264583
=015  \\$aGBB350572$2bnb
=022  \\$a1708-8240$y1496-4155
=035  \\$a(OCoLC)60624859$z(OCoLC)51038715
=037  \\$aISSN_14964155$bPortico$nWiley
=040  \\$aOCLCS$beng$cOCLCS$dSBH$dOCL$dBUF$dOCLCQ$dTEF$dOCLCQ$dUk
=042  \\$aukblsr
=050  14$aRK651
=060  \4$aW1$bJO644CF
=082  04$a617.6$222
=130  0\$aJournal of esthetic and restorative dentistry (Online)
=245  10$aJournal of esthetic and restorative dentistry$h[electronic resource].
=260  \\$a[Malden, Mass.] :$bBlackwell Pub.
=310  \\$aBimonthly
=336  \\$atext$2rdacontent
=337  \\$acomputer$2rdamedia
=338  \\$aonline resource$2rdacarrier
=362  1\$aBegan with v. 13, no. 1 (2001).
=516  \\$aPDF format
=500  \\$aOfficial publication of the American Academy of Esthetic Dentistry, Japan Academy of Esthetic Dentistry, International Federation of Esthetic Dentistry, American Academy of Cosmetic and Adhesive Dentistry, Belgian Academy of Esthetic Dentistry, Dutch Academy of Esthetic Dentistry, Scandinavian Academy of Esthetic Dentistry, British Academy of Esthetic Dentistry, Hellenic Academy of Esthetic Dentistry.
=538  \\$aMode of access: World Wide Web.
=580  \\$aOriginal print version of this title was preceded by an earlier title called: Journal of esthetic dentistry.
=588  \\$aDescription based on: Vol. 18, issue 1 (Jan. 2006); title from table of contents screen (Blackwell-Synergy, viewed May 4, 2006).
=588  \\$aLatest issue consulted: Vol. 22, no. 3 (June 2010) (Wiley InterScience, viewed June 3, 2010).
=540  \\$aCurrent copyright fee: GBP39.00$c35\0$5Uk
=650  \0$aProsthodontics$vPeriodicals.
=710  2\$aAmerican Academy of Esthetic Dentistry.
=776  08$iPrint version:$tJournal of esthetic and restorative dentistry$x1496-4155
=780  00$tJournal of esthetic dentistry (Online).$d[Philadelphia, Pa.] : B.C. Decker Inc., 1989-[2000]
=859  \\$aELD$bejournal
=856  \\$31850-9999$uhttp://onlinelibrary.wiley.com/$xBLDSS
=852  41$aBritish Library$bDSC$j4979.554000$3Volume 19:Issue 1(2007)-Volume 26:Issue 6(2014)***See ESTAR for full holdings.
=852  41$aBritish Library$bHMNTS$jELD Digital store$3Volume 25:Issue 1(2013)-
=945  \\$aJournal of esthetic and restorative dentistry
=959  \\$fHeld but not currently received
=CAT  \\$a7174$b40$c20070308$lBLL01$h1054
=CAT  \\$a11400$b40$c20070308$lBLL01$h1713
=CAT  \\$aWR10_164$c20101215$lBLL01$h1511
=CAT  \\$a8201$b40$c20130522$lBLL01$h1559
=CAT  \\$aWR13.114$c20130717$lBLL01$h1313
=CAT  \\$aBATCH-PORT$c20130829$lBLL01$h1114
=CAT  \\$aBATCH-CLA$b00$c20140125$lBLL01$h1307
=CAT  \\$aWR14_009$c20140204$lBLL01$h2342
=CAT  \\$aBATCH-CLA$c20140225$lBLL01$h2329
=CAT  \\$aBLDSS-3PM$b00$c20141214$lBLL01$h1524
=CAT  \\$aBATCH-UPD$b00$c20150215$lBLL01$h1628
=CAT  \\$aIPL-CLA$c20150228$lBLL01$h2051
=CAT  \\$aCDS15-UPD$b40$c20150918$lBLL01$h1640
=CAT  \\$aBATCH-UPD$b40$c20160531$lBLL01$h1921
=CAT  \\$aW1703-0316$c20170306$lBLL01$h1825
=CAT  \\$aW1703-0316$c20170307$lBLL01$h1648
=CAT  \\$aIPL-CLA$c20170307$lBLL01$h1824
=CAT  \\$aW1711-1005$c20171206$lBLL01$h1820
=CAT  \\$aBATCH-UPD$b00$c20180219$lBLL01$h1750
=CAT  \\$aBATCH-UPD$b00$c20181121$lBLL01$h1623
=CAT  \\$aIPL-CLA$c20181231$lBLL01$h1545
=CAT  \\$aR1911-0245$c20191127$lBLL01$h0823
=CAT  \\$aR1911-0245$c20191127$lBLL01$h1045
=CAT  \\$aIPL-CLA$c20191231$lBLL01$h1944
=CAT  \\$aW2111-0842$c20211208$lBLL01$h1942
=CAT  \\$aIPL-CLA$c20211231$lBLL01$h1543
=CFI  0\$aCurrent copyright fee: GBP39.00$c35\0$e01-jan-2022$fGBP39.00$g0$hP$5Uk
=CFI  2\$aPrevious Copyright Fee: GBP32.00$c35\0$e01-jan-2020$fGBP32.00$g0$hP$5Uk
=EST  \\$a1
=FFP  \\$aY$bBLDSS-3PM
=FIN  \\$aY$d20130522
=LKR  \\$aPAR$b010489454$lBLL01$r776$mJournal of esthetic and restorative dentistry [electronic resource]$nJournal of esthetic and restorative dentistry (Print)
=MNI  \\$a1496-4155
=SID  \\$aZ39$bOCLC
=TCO  \\$aCAN$bAccess$c008
=TOC  \\$aETOC
=UNO  \\$aY
=ACF  \\$aPrevious Copyright Fee: GBP22.00$c10\0$e08-mar-2007$fGBP22.00$g0$hP$5Uk
=ACF  \\$aPrevious copyright fee: GBP24.00$c10\0$e01-mar-2015$fGBP24.00$g0$hP$5Uk
=ACF  \\$aPrevious copyright fee: GBP24.00$c35\0$e07-mar-2017$fGBP24.00$g0$hP$5Uk
=ACF  \\$aPrevious copyright fee: GBP28.00$c35\0$e01-jan-2019$fGBP28.00$g0$hP$5Uk
=LAS  \\$aIPL-CLA$b00$c20211231$lBLL01$h1543

