=LDR  04312cas a2201021 a 4500
=001  013742689
=003  Uk
=005  20191231194532.0
=006  m\\\\\o\\d\\\\\\\\
=007  cr\cnu||||||||
=008  060414c20069999njubx\pso\\\\\0\\\a0eng\c
=FMT  \\$a  SE
=010  \\$a2006212964
=015  \\$aGBB350437$2bnb
=022  0\$a1931-4981$y1931-4973$l1931-4973$21
=035  \\$a(OCoLC)66526525
=037  \\$bJohn Wiley & Sons, Inc., 111 River St., Hoboken NJ 07030
=037  \\$aISSN_19314973$bPortico$nWiley
=040  \\$aNSD$beng$cNSD$dNSD$dDLC$dOCLCQ$dWAU$dHEBIS$dOCLCQ$dUk
=042  \\$aukblsr
=050  10$aISSN RECORD
=050  14$aTK1
=082  04$a621.3$223
=130  0\$aIEEJ transactions on electrical and electronic engineering (Online)
=210  0\$aIEEJ trans. electr. electron. eng.$b(Online)
=222  \0$aIEEJ transactions on electrical and electronic engineering$b(Online)
=245  10$aIEEJ transactions on electrical and electronic engineering$h[electronic resource].
=246  13$aTransactions on electrical and electronic engineering
=246  3\$aInstitute of Electrical Engineers of Japan transactions on electrical and electronic engineering
=246  30$aElectrical and electronic engineering
=260  \\$aHoboken, NJ :$bJohn Wiley & Sons,$cc2006-
=310  \\$aSix times a year,$b2007-
=321  \\$aFour times a year,$b2006
=336  \\$atext$2rdacontent
=337  \\$acomputer$2rdamedia
=338  \\$aonline resource$2rdacarrier
=362  0\$aVol. 1, no. 1 (May 2006)-
=516  \\$aPDF format
=538  \\$aMode of access: World Wide Web.
=546  \\$aOfficial English language journal of the Institute of Electrical Engineers of Japan.
=588  \\$aDescription based on print version record.
=588  \\$aLatest issue consulted: Vol. 5, issue 1 (Jan. 2010) (Wiley InterScience, viewed Jan. 28, 2010).
=540  \\$aCurrent Copyright Fee: GBP32.00$c35\0$5Uk
=650  \0$aElectrical engineering$vPeriodicals.
=650  \0$aElectronics$vPeriodicals.
=710  2\$aDenki Gakkai (1888)
=776  08$iPrint version:$tIEEJ transactions on electrical and electronic engineering$x1931-4973
=859  \\$aELD$bejournal
=856  \\$31850-9999$uhttp://onlinelibrary.wiley.com/$xBLDSS
=852  41$aBritish Library$bHMNTS$jELD Digital store$3Volume 8:Issue 1(2013)-
=852  41$aBritish Library$bDSC$j4363.240505$3Volume 2:Issue 1(2007)-Volume 9:Issue 6(2014)***See ESTAR for full holdings.
=945  \\$aIEEJ transactions on electrical and electronic engineering
=959  \\$fHeld but not currently received
=CAT  \\$a7174$b40$c20070510$lBLL01$h1216
=CAT  \\$a7174$b40$c20070510$lBLL01$h1218
=CAT  \\$aBATCH-UPD$b40$c20101116$lBLL01$h1335
=CAT  \\$aWR10_164$c20101215$lBLL01$h1511
=CAT  \\$aIPL-CLA$c20101231$lBLL01$h1522
=CAT  \\$a8201$b40$c20130522$lBLL01$h1112
=CAT  \\$aWR13.114$c20130717$lBLL01$h1313
=CAT  \\$aBATCH-PORT$c20130829$lBLL01$h1113
=CAT  \\$aWR14_009$c20140204$lBLL01$h2343
=CAT  \\$aBLDSS-3PM$b00$c20141214$lBLL01$h1524
=CAT  \\$aBATCH-UPD$b00$c20150215$lBLL01$h1659
=CAT  \\$aIPL-CLA$c20150228$lBLL01$h2051
=CAT  \\$aCDS15-UPD$b40$c20150918$lBLL01$h1640
=CAT  \\$aBATCH-UPD$b40$c20160519$lBLL01$h1824
=CAT  \\$aW1711-1005$c20171206$lBLL01$h1820
=CAT  \\$aBATCH-UPD$b00$c20180219$lBLL01$h1750
=CAT  \\$aBATCH-UPD$b00$c20181121$lBLL01$h1623
=CAT  \\$aIPL-CLA$c20181231$lBLL01$h1545
=CAT  \\$aR1911-0245$c20191127$lBLL01$h0823
=CAT  \\$aR1911-0245$c20191127$lBLL01$h1045
=CAT  \\$aIPL-CLA$c20191231$lBLL01$h1945
=CFI  0\$aCurrent Copyright Fee: GBP32.00$c35\0$e01-jan-2020$fGBP32.00$g0$hP$5Uk
=CFI  2\$aPrevious copyright fee: GBP28.00$c35\0$e01-jan-2019$fGBP28.00$g0$hP$5Uk
=EST  \\$a1
=FFP  \\$aY$bBLDSS-3PM
=FIN  \\$aY$d20130522
=MNI  \\$a1931-4973
=SID  \\$aZ39$bOCLC
=TCO  \\$aTRS$bCCC$c008
=TOC  \\$aETOC
=UNO  \\$aY
=ACF  \\$aPrevious Copyright Fee: GBP17.00$c35\0$e10-may-2007$fGBP17.00$g0$hP$5Uk
=ACF  \\$aPrevious copyright fee: GBP22.00$c35\0$e01-jan-2011$fGBP22.00$g0$hP$5Uk
=ACF  \\$aPrevious copyright fee: GBP24.00$c35\0$e01-mar-2015$fGBP24.00$g0$hP$5Uk
=LAS  \\$aIPL-CLA$b00$c20191231$lBLL01$h1945

