=LDR  04394cas a22009617a 4500
=001  013747788
=003  Uk
=005  20221231144828.0
=006  m\\\\\\\\d\\\\\\\\
=007  cr\|||||||||||
=008  070516c\\\\9999xxubr\p\s\\\\\0\\\a0eng\\
=FMT  \\$a  SE
=022  \\$y1066-369X
=037  \\$a???$bSpringer
=040  \\$aUk$beng$cUk
=245  00$aRussian mathematics$h[electronic resource].
=260  \\$bSpringer Science + Media
=336  \\$atext$2rdacontent
=337  \\$acomputer$2rdamedia
=338  \\$aonline resource$2rdacarrier
=500  \\$aTitle from title screen via ESTAR.
=516  \\$aPDF format
=538  \\$aMode of access: Internet
=540  \\$aCurrent copyright fee: GBP29.95$c22\1$5Uk
=859  \\$aELD$bejournal
=856  \\$31850-9999$uhttp://www.springer.com/gb/$xBLDSS
=852  41$aBritish Library$bDSC$j0420.766500$3Volume 51:Issue 1(2007)-Volume 55:Issue 12(2011)***See ESTAR for full holdings.
=852  41$aBritish Library$bHMNTS$jELD Digital store$3Volume 61:Issue 12(2017)-
=945  \\$aRussian mathematics c/c of Izvestiia- Vysshie Uchebnye Zavedeniia Matematika
=959  \\$fHeld but not currently received
=979  \\$aBritish Library$bDSC$j0420.766500
=CAT  \\$a8288$b40$c20070516$lBLL01$h1455
=CAT  \\$aBLDSS-3PM$b00$c20150103$lBLL01$h1045
=CAT  \\$aBATCH-UPD$b00$c20150219$lBLL01$h1657
=CAT  \\$aIPL-CLA$c20150331$lBLL01$h1649
=CAT  \\$aBATCH-UPD$b00$c20150520$lBLL01$h1711
=CAT  \\$aIPL-CLA$c20150630$lBLL01$h1655
=CAT  \\$aBATCH-UPD$b00$c20150820$lBLL01$h1759
=CAT  \\$aIPL-CLA$c20150930$lBLL01$h1817
=CAT  \\$aBATCH-UPD$b00$c20160217$lBLL01$h1647
=CAT  \\$aIPL-CLA$c20160331$lBLL01$h1740
=CAT  \\$aBATCH-UPD$b00$c20160524$lBLL01$h2157
=CAT  \\$aBATCH-UPD$b00$c20160524$lBLL01$h2252
=CAT  \\$aBATCH-UPD$b00$c20160824$lBLL01$h1725
=CAT  \\$aIPL-CLA$c20160930$lBLL01$h1612
=CAT  \\$aBATCH-UPD$b00$c20170216$lBLL01$h1812
=CAT  \\$aIPL-CLA$c20170331$lBLL01$h1852
=CAT  \\$aBATCH-UPD$b00$c20170904$lBLL01$h1814
=CAT  \\$aIPL-CLA$c20170929$lBLL01$h1737
=CAT  \\$aBATCH-UPD$b00$c20180223$lBLL01$h1631
=CAT  \\$aIPL-CLA$c20180331$lBLL01$h1629
=CAT  \\$aBATCH-UPD$b00$c20180524$lBLL01$h1701
=CAT  \\$aIPL-CLA$c20180630$lBLL01$h1921
=CAT  \\$a15190$b40$c20210409$lBLL01$h1621
=CAT  \\$a5410$b40$c20221110$lBLL01$h1127
=CAT  \\$aBATCH-UPD$b40$c20221121$lBLL01$h1401
=CAT  \\$aIPL-CLA$c20221231$lBLL01$h1448
=CFI  0\$aCurrent copyright fee: GBP29.95$c22\1$e01-jan-2023$fGBP29.95$g0$hP$5Uk
=CFI  2\$aPrevious copyright fee: GBP34.00$c22\1$e01-jul-2018$fGBP34.00$g0$hP$5Uk
=EST  \\$a1
=FFP  \\$aY$bBLDSS-3PM
=LKR  \\$aPAR$b009181169$lBLL01$r776$mRussian mathematics [electronic resource].$nRUSSIAN MATHEMATICS (Print).
=MNI  \\$a1066-369X
=TCO  \\$aTRS$bCCC$c008
=TOC  \\$aETOC
=UNO  \\$aY
=ACF  \\$aPrevious copyright fee: GBP21.25$c13\7$e01-jan-2009$fGBP21.25$g0$hP$5Uk
=ACF  \\$aPrevious Copyright Fee: GBP16.75$c13\7$e16-may-2007$fGBP16.75$g0$hP$5Uk
=ACF  \\$aPrevious copyright fee: GBP22.00$c13\7$e01-apr-2009$fGBP22.00$g0$hP$5Uk
=ACF  \\$aPrevious copyright fee: GBP22.00$c13\7$e12-aug-2012$fGBP22.00$g0$hP$5Uk
=ACF  \\$aPrevious copyright fee: GBP25.00$c13\7$e01-jan-2013$fGBP25.00$g0$hP$5Uk
=ACF  \\$aPrevious copyright fee: GBP25.77$c13\7$e01-jul-2013$fGBP25.77$g0$hP$5Uk
=ACF  \\$aPrevious copyright fee: GBP24.97$c13\7$e01-jan-2014$fGBP24.97$g0$hP$5Uk
=ACF  \\$aPrevious copyright fee: GBP24.21$c13\7$e01-jul-2014$fGBP24.21$g0$hP$5Uk
=ACF  \\$aPrevious copyright fee: GBP25.77$c13\7$e01-apr-2015$fGBP25.77$g0$hP$5Uk
=ACF  \\$aPrevious copyright fee: GBP26.63$c13\7$e01-jul-2015$fGBP26.63$g0$hP$5Uk
=ACF  \\$aPrevious copyright fee: GBP25.77$c13\7$e01-oct-2015$fGBP25.77$g0$hP$5Uk
=ACF  \\$aPrevious copyright fee: GBP27.55$c13\7$e01-apr-2016$fGBP27.55$g0$hP$5Uk
=ACF  \\$aPrevious copyright fee: GBP29.59$c13\7$e01-oct-2016$fGBP29.59$g0$hP$5Uk
=ACF  \\$aPrevious copyright fee: GBP31.96$c13\7$e01-apr-2017$fGBP31.96$g0$hP$5Uk
=ACF  \\$aPrevious copyright fee: GBP30.73$c13\7$e01-oct-2017$fGBP30.73$g0$hP$5Uk
=ACF  \\$aPrevious copyright fee: GBP28.54$c13\7$e01-apr-2018$fGBP28.54$g0$hP$5Uk
=LAS  \\$aIPL-CLA$b00$c20221231$lBLL01$h1448

