=LDR  04677cas a2201069 a 4500
=001  013768740
=003  Uk
=005  20230314145215.0
=006  m\\\\fo\\d\\\\\\\\
=007  cr\mn|||||||||
=008  031009c19999999xx\qr\pso\\\\\0\\\\0eng\c
=FMT  \\$a  SE
=010  \\$a2010250708
=015  \\$aGBB350377$2bnb
=022  \\$a1708-8208$l1523-0899$y1523-0899
=035  \\$a(OCoLC)53171389$z(OCoLC)51037426$z(OCoLC)173436191
=037  \\$aISSN_15230899$bPortico$nWiley
=040  \\$aFQM$beng$cFQM$dOCLCQ$dOCL$dOCLCQ$dBUF$dOCLCQ$dBUF$dUk
=042  \\$aukblsr
=050  14$aRK667.I45
=060  \4$aW1$bCL7146
=082  04$a617.693$222
=245  00$aClinical implant dentistry and related research$h[electronic resource].
=246  1\$iTitle shown by some providers:$aClinical implant dentistry & related research
=260  \\$31999-2005 :$aHamilton, Ont. :$bB.C. Decker
=260  2\$3Mar. 2006-May 2008 :$a[S.l.] :$bBlackwell
=260  3\$3Sept. 2008- :$a[S.l.] :$bWiley Periodicals, Inc.
=310  \\$aQuarterly
=336  \\$atext$2rdacontent
=337  \\$acomputer$2rdamedia
=338  \\$aonline resource$2rdacarrier
=362  1\$aBegan with v. 1, issue 1 (July1999).
=525  \\$aSupplements accompany some issues.
=538  \\$aMode of access: World Wide Web.
=588  \\$aDescription based on v. 1, issue 1 (July 1999); title from journal homepage (Wiley InterScience, viewed June 4, 2010).
=588  \\$aLatest issue consulted: V. 12, issue 2 (June 2010) (viewed June 4, 2010).
=516  \\$aPDF format
=540  \\$aCurrent copyright fee: GBP46.00$c35\0$5Uk
=650  \0$aDental implants$vPeriodicals.
=650  \2$aDental Implantation$vPeriodicals.
=650  \2$aDental Implants$vPeriodicals.
=776  08$iPrint version:$tClinical implant dentistry & related research$x1523-0899
=859  \\$aELD$bejournal
=856  \\$31850-9999$uhttp://onlinelibrary.wiley.com/$xBLDSS
=852  41$aBritish Library$bDSC$j3286.293825$3Volume 9:Issue 1(2007)-Volume 20:Issue 1(2018)***See ESTAR for full holdings.
=852  41$aBritish Library$bHMNTS$jELD Digital store$3Volume 15:Number 1(2013:Feb.)-
=945  \\$aClinical implant dentistry and related research.
=959  \\$fHeld but not currently received
=979  \\$aBritish Library$bDSC$j3286.293825
=CAT  \\$a7174$b40$c20070613$lBLL01$h1428
=CAT  \\$a8201$b40$c20130522$lBLL01$h0913
=CAT  \\$aBATCH-CLA$b00$c20130526$lBLL01$h1656
=CAT  \\$aWR13.114$c20130717$lBLL01$h1313
=CAT  \\$aBATCH-PORT$c20130829$lBLL01$h1113
=CAT  \\$aBATCH-CLA$b00$c20140125$lBLL01$h1313
=CAT  \\$aWR14_009$c20140204$lBLL01$h2342
=CAT  \\$aBATCH-CLA$c20140225$lBLL01$h2330
=CAT  \\$aBLDSS-3PM$b00$c20141214$lBLL01$h1524
=CAT  \\$aBATCH-UPD$b00$c20150215$lBLL01$h1629
=CAT  \\$aIPL-CLA$c20150228$lBLL01$h2051
=CAT  \\$aBATCH-UPD$b00$c20160519$lBLL01$h2001
=CAT  \\$aW1703-0316$c20170306$lBLL01$h1825
=CAT  \\$aW1703-0316$c20170307$lBLL01$h1649
=CAT  \\$aIPL-CLA$c20170307$lBLL01$h1824
=CAT  \\$aW1711-1005$c20171206$lBLL01$h1820
=CAT  \\$aBATCH-UPD$b00$c20180219$lBLL01$h1750
=CAT  \\$aW1805-0471$c20180520$lBLL01$h1139
=CAT  \\$aBATCH-UPD$b00$c20181121$lBLL01$h1623
=CAT  \\$aIPL-CLA$c20181231$lBLL01$h1545
=CAT  \\$aR1911-0245$c20191127$lBLL01$h0944
=CAT  \\$aR1911-0245$c20191127$lBLL01$h1045
=CAT  \\$aIPL-CLA$c20191231$lBLL01$h1946
=CAT  \\$aW2111-0842$c20211209$lBLL01$h1035
=CAT  \\$aIPL-CLA$c20211231$lBLL01$h1544
=CAT  \\$a5410$b40$c20230314$lBLL01$h1452
=CFI  0\$aCurrent copyright fee: GBP46.00$c35\0$e01-jan-2022$fGBP46.00$g0$hP$5Uk
=CFI  2\$aPrevious Copyright Fee: GBP39.00$c35\0$e01-jan-2020$fGBP39.00$g0$hP$5Uk
=EST  \\$a1
=FFP  \\$aY$bBLDSS-3PM
=FIN  \\$aY$d20130522
=LKR  \\$aPAR$b012396344$lBLL01$r776$mClinical implant dentistry and related research$nClinical implant dentistry and related research
=LKR  \\$aPAR$b012396344$lBLL01$r776$mClinical implant dentistry and related research [electronic resource].$nCLINICAL IMPLANT DENTISTRY AND RELATED RESEARCH (Print).
=MNI  \\$a1523-0899
=TCO  \\$aTRS$bCCC$c008
=TCO  \\$aCAN$bAccess$c008
=TOC  \\$aETOC
=UNO  \\$aY
=ACF  \\$aPrevious Copyright Fee: GBP22.00$c10\0$e13-jun-2007$fGBP22.00$g0$hP$5Uk
=ACF  \\$aPrevious copyright fee: GBP24.00$c10\0$e01-mar-2015$fGBP24.00$g0$hP$5Uk
=ACF  \\$aPrevious copyright fee: GBP24.00$c35\0$e07-mar-2017$fGBP24.00$g0$hP$5Uk
=ACF  \\$aPrevious copyright fee: GBP28.00$c35\0$e01-jan-2019$fGBP28.00$g0$hP$5Uk
=LAS  \\$a5410$b40$c20230314$lBLL01$h1452

