=LDR  03659cas a2200913 a 4500
=001  013772181
=003  Uk
=005  20200729195413.0
=006  m\\\\\o\\d\\\\\\\\
=007  cr\cnu||||||||
=008  070619c19979999enkqr\p\s\\\\\0\\\a0eng\\
=FMT  \\$a  SE
=015  \\$aGBB350483$2bnb
=022  0\$a1931-227X$l1367-7543$21
=037  \\$aISSN_13677543$bPortico$nWiley
=040  \\$aUk$beng$cUk$dUk
=042  \\$aukblsr
=082  04$a616.805$221
=130  0\$aProgress in neurology and psychiatry (Online)
=222  \0$aProgress in neurology and psychiatry$b(Online)
=245  10$aProgress in neurology and psychiatry$h[electronic resource].
=260  \\$aChichester, UK :$bWiley Interface Inc.
=336  \\$atext$2rdacontent
=337  \\$acomputer$2rdamedia
=338  \\$aonline resource$2rdacarrier
=362  1\$aPrint began in 1997?
=538  \\$aMode of access: World Wide Web.
=540  \\$aCurrent Copyright Fee: GBP32.00$c35\0$5Uk
=650  \0$aNeurology$vPeriodicals.
=650  \0$aPsychiatry$vPeriodicals.
=650  \0$aNervous system$vPeriodicals.
=776  08$iPrint version:$tProgress in neurology and psychiatry$x1367-7543
=859  \\$aELD$bejournal
=856  \\$31850-9999$uhttp://onlinelibrary.wiley.com/$xBLDSS
=852  41$aBritish Library$bDSC$j6870.345000$3Volume 11:Issue 1(2007)-Volume 15:Issue 6(2011)***See ESTAR for full holdings.
=852  41$aBritish Library$bHMNTS$jELD Digital store$3Volume 17:Issue 1(2013)-***Previous issues available in print copy
=945  \\$aProgress in neurology and psychiatry -Guildford-.
=959  \\$fHeld but not currently received
=979  \\$aBritish Library$bDSc$j6870.345000
=985  \\$aCONFERENCE ANALYTIC RECORDS EXIST
=CAT  \\$a7174$b40$c20070619$lBLL01$h1622
=CAT  \\$a11148$b40$c20070620$lBLL01$h1140
=CAT  \\$aBATCH-UPD$b40$c20101116$lBLL01$h1335
=CAT  \\$aWR10_164$c20101215$lBLL01$h1511
=CAT  \\$aIPL-CLA$c20101231$lBLL01$h1522
=CAT  \\$aCDS12-UPD$b40$c20120402$lBLL01$h1434
=CAT  \\$a8874$b40$c20130522$lBLL01$h1245
=CAT  \\$a8874$b40$c20130522$lBLL01$h1247
=CAT  \\$aWR13.114$c20130717$lBLL01$h1314
=CAT  \\$aBATCH-PORT$c20130829$lBLL01$h1114
=CAT  \\$a8342$b40$c20131113$lBLL01$h1049
=CAT  \\$aBATCH-CLA$b00$c20140125$lBLL01$h1256
=CAT  \\$aWR14_009$c20140204$lBLL01$h2343
=CAT  \\$aBATCH-CLA$c20140225$lBLL01$h2330
=CAT  \\$aBLDSS-3PM$b00$c20141214$lBLL01$h1524
=CAT  \\$aBATCH-UPD$b00$c20150215$lBLL01$h1659
=CAT  \\$aIPL-CLA$c20150228$lBLL01$h2052
=CAT  \\$aBATCH-UPD$b00$c20160519$lBLL01$h1740
=CAT  \\$aW1711-1005$c20171206$lBLL01$h1820
=CAT  \\$aBATCH-UPD$b00$c20180219$lBLL01$h1750
=CAT  \\$aBATCH-UPD$b00$c20181121$lBLL01$h1623
=CAT  \\$aIPL-CLA$c20181231$lBLL01$h1545
=CAT  \\$aR1911-0245$c20191127$lBLL01$h0823
=CAT  \\$aR1911-0245$c20191127$lBLL01$h1045
=CAT  \\$aIPL-CLA$c20191231$lBLL01$h1946
=CAT  \\$a5410$b40$c20200729$lBLL01$h1954
=CFI  0\$aCurrent Copyright Fee: GBP32.00$c35\0$e01-jan-2020$fGBP32.00$g0$hP$5Uk
=CFI  2\$aPrevious copyright fee: GBP28.00$c35\0$e01-jan-2019$fGBP28.00$g0$hP$5Uk
=EST  \\$a1
=FFP  \\$aY$bBLDSS-3PM
=FIN  \\$aY$d20130522
=MNI  \\$a1367-7543
=TCO  \\$aCLA$bCLA$c008
=TOC  \\$aETOC
=UNO  \\$aY
=ACF  \\$aPrevious Copyright Fee: GBP17.00$c35\0$e19-jun-2007$fGBP17.00$g0$hP$5Uk
=ACF  \\$aPrevious copyright fee: GBP22.00$c35\0$e01-jan-2011$fGBP22.00$g0$hP$5Uk
=ACF  \\$aPrevious copyright fee: GBP24.00$c35\0$e01-mar-2015$fGBP24.00$g0$hP$5Uk
=LAS  \\$a5410$b40$c20200729$lBLL01$h1954

