=LDR  05812cas a2201105 a 4500
=001  015384051
=003  Uk
=005  20221231145010.0
=006  m\\\\\\\\d\\\\\\\\
=007  cr\|||||||||||
=008  091005c20089999enkmr\p\s\\\\\0\\\a0eng\\
=FMT  \\$a  SE
=022  0\$a1944-0057$21
=037  \\$aISSN_19440049$bPortico$nTaylor & Francis
=040  \\$aUk$beng$cUk
=042  \\$aukblsr
=082  04$a664.06$222
=130  0\$aFood additives & contaminants. Part A. Chemistry, analysis, control, exposure & risk assessment (Online)
=210  0\$aFood Addit. Contam., Part A, Analysis control expo. risk assess.$b(Online)
=222  \0$aFood additives & contaminants. Part A. Chemistry, analysis, control, exposure & risk assessment$b(Online)
=245  10$aFood additives & contaminants.$nPart A,$pChemistry, analysis, control, exposure & risk assessment$h[electronic resource].
=246  13$aFood additives and contaminants.$nPart A.$pChemistry, analysis, control, exposure and risk assessment
=260  \\$a[London] :$bTaylor & Francis,$c2008-
=310  \\$aMonthly
=336  \\$atext$2rdacontent
=337  \\$acomputer$2rdamedia
=338  \\$aonline resource$2rdacarrier
=362  0\$aVol. 25, no. 1 (Jan. 2008)-
=530  \\$aAlso available in print.
=550  \\$aPublished in affiliation with the International Society for Mycotoxicology.
=500  \\$aInformaworld website includes all issues from earlier title: Food additives & contaminants.
=500  \\$aTitle from issues list screen (informaworld, viewed Apr. 29, 2010).
=580  \\$aInformaworld website includes all issues from earlier title: Food additives & contaminants
=540  \\$aCurrent copyright fee: GBP43.00$c2\0$5Uk
=650  \0$aFood additives$vPeriodicals.
=650  \0$aFood contamination$vPeriodicals.
=710  2\$aInternational Society for Mycotoxicology.
=776  08$iAlso issued in print:$tFood additives & contaminants. Part A, Chemistry, analysis, control, exposure & risk assessment$x1944-0049
=780  01$tFood additives and contaminants$x1464-5122
=856  \\$31850-9999$uhttp://www.tandfonline.com/$xBLDSS
=859  \\$aELD$bejournal
=852  41$aBritish Library$bHMNTS$jELD Digital store$3Volume 33:Issue 1(2016)-***Previous issues available in print copy
=852  41$aBritish Library$bDSC$j3977.002300$3Volume 25:Issue 1(2008)-Volume 28:Issue 12(2011)***See ESTAR for full holdings.
=945  \\$aFood additives and contaminants part A chemistry analysis control exposure and risk assessment
=959  \\$fHeld but not currently received
=CAT  \\$a11033$b40$c20091005$lBLL01$h1410
=CAT  \\$aBATCH-UPD$b00$c20141124$lBLL01$h1755
=CAT  \\$aBLDSS-3PM$b00$c20141130$lBLL01$h1250
=CAT  \\$aIPL-CLA$c20141231$lBLL01$h1700
=CAT  \\$aBATCH-UPD$b00$c20151119$lBLL01$h1535
=CAT  \\$aIPL-CLA$c20151231$lBLL01$h1931
=CAT  \\$a8478$b40$c20160115$lBLL01$h0918
=CAT  \\$a8478$b40$c20160115$lBLL01$h1209
=CAT  \\$a11296$b40$c20160205$lBLL01$h1045
=CAT  \\$a5552$b40$c20160302$lBLL01$h0919
=CAT  \\$aWR16_048$c20160322$lBLL01$h1614
=CAT  \\$aIPL-CLA$c20160331$lBLL01$h1756
=CAT  \\$aBATCH-UPD$b00$c20160620$lBLL01$h0220
=CAT  \\$aBATCH-UPD$b00$c20161122$lBLL01$h1506
=CAT  \\$aIPL-CLA$c20161230$lBLL01$h2335
=CAT  \\$aBATCH-UPD$b00$c20171121$lBLL01$h1656
=CAT  \\$aW1711-1005$c20171206$lBLL01$h1822
=CAT  \\$aIPL-CLA$c20171231$lBLL01$h1755
=CAT  \\$aBATCH-UPD$b00$c20181217$lBLL01$h1645
=CAT  \\$aIPL-CLA$c20181231$lBLL01$h1549
=CAT  \\$aBATCH-UPD$b00$c20191122$lBLL01$h1907
=CAT  \\$aIPL-CLA$c20191231$lBLL01$h2020
=CAT  \\$aBATCH-UPD$b00$c20201118$lBLL01$h1341
=CAT  \\$aIPL-CLA$c20201231$lBLL01$h1531
=CAT  \\$aBATCH-UPD$b00$c20221121$lBLL01$h1340
=CAT  \\$aIPL-CLA$c20221231$lBLL01$h1450
=CFI  0\$aCurrent copyright fee: GBP43.00$c2\0$e01-jan-2023$fGBP43.00$g0$hP$5Uk
=CFI  2\$aPrevious copyright fee: GBP41.00$c2\0$e01-jan-2021$fGBP41.00$g0$hP$5Uk
=EST  \\$a1
=FFP  \\$aY$bBLDSS-3PM
=FIN  \\$aY$d20100429
=LKR  \\$aPAR$b015389726$lBLL01$nFood additives & contaminants. Part A. Chemistry, analysis, control, exposure & risk assessment (Print)$mFood additives & contaminants. Part A. Chemistry, analysis, control, exposure & risk assessment (Online)$r776
=LKR  \\$aPAR$b013353462$lBLL01$nFood additives and contaminants (Online)$mFood additives & contaminants. Part A. Chemistry, analysis, control, exposure & risk assessment (Online)$r78001
=MNI  \\$a1944-0049
=TCO  \\$aCLA$bCLA$c008
=TOC  \\$aETOC
=ACF  \\$aPrevious copyright fee: GBP21.00$c2\0$e01-jan-2010$fGBP21.00$g0$hP$5Uk
=ACF  \\$aPrevious copyright fee: GBP20.00$c2\0$e05-oct-2009$fGBP20.00$g0$hP$5Uk
=ACF  \\$aPrevious copyright fee: GBP25.00$c2\0$e01-jan-2011$fGBP25.00$g0$hP$5Uk
=ACF  \\$aPrevious copyright fee: GBP27.00$c2\0$e01-jan-2012$fGBP27.00$g0$hP$5Uk
=ACF  \\$aPrevious copyright fee: GBP27.50$c2\0$e01-jan-2013$fGBP27.50$g0$hP$5Uk
=ACF  \\$aPrevious copyright fee: GBP28.00$c2\0$e01-jan-2014$fGBP28.00$g0$hP$5Uk
=ACF  \\$aPrevious copyright fee: GBP30.00$c2\0$e01-jan-2015$fGBP30.00$g0$hP$5Uk
=ACF  \\$aPrevious copyright fee: GBP34.00$c2\0$e01-jan-2016$fGBP34.00$g0$hP$5Uk
=ACF  \\$aPrevious copyright fee: GBP31.00$c2\0$e01-apr-2016$fGBP31.00$g0$hP$5Uk
=ACF  \\$aPrevious copyright fee: GBP33.00$c2\0$e01-jan-2017$fGBP33.00$g0$hP$5Uk
=ACF  \\$aPrevious copyright fee: GBP35.00$c2\0$e01-jan-2018$fGBP35.00$g0$hP$5Uk
=ACF  \\$aPrevious copyright fee: GBP37.00$c2\0$e01-jan-2019$fGBP37.00$g0$hP$5Uk
=ACF  \\$aPrevious copyright fee: GBP39.00$c2\0$e01-jan-2020$fGBP39.00$g0$hP$5Uk
=LAS  \\$aIPL-CLA$b00$c20221231$lBLL01$h1450

