=LDR  03863cas a2200949 a 4500
=001  015608491
=003  Uk
=005  20230505134119.0
=006  m\\\\\o\\d\\\\\\\\
=007  cr\cnu||||||||
=008  100722c19649999xxubr\p\o\\\\\0\\\a0eng\\
=FMT  \\$a  SE
=010  \\$a2008201945
=015  \\$aGBB349361$2bnb
=022  0\$a1943-5193$l0022-152X$21
=035  \\$a(OCoLC)51842908
=037  \\$aISSN_0022152X$bPortico$nWiley
=040  \\$aDRB$beng$cDRB$dIUL$dOCLCQ$dDLC$dTXA$dOCLCQ$dOCLCO$dUk
=041  0\$aeng$afre$ager
=042  \\$aukblsr
=050  10$aISSN RECORD
=082  04$a547.59$221
=130  0\$aJournal of heterocyclic chemistry (Online)
=210  0\$aJ. heterocycl. chem.$b(Online)
=222  \0$aJournal of heterocyclic chemistry$b(Online)
=245  10$aJournal of heterocyclic chemistry$h[electronic resource].
=260  \\$aProvo, Utah :$bJournal of Heterocyclic Chemistry
=310  \\$aBimonthly
=336  \\$atext$2rdacontent
=337  \\$acomputer$2rdamedia
=338  \\$aonline resource$2rdacarrier
=362  1\$aPrint began with vol. 1 (Feb. 1964).
=500  \\$aImprint varies: <1990>-, Tampa, Fla.
=530  \\$aAlso issued in print.
=546  \\$aEnglish, French or German.
=588  \\$aDescription based on print version record.
=588  \\$aLatest issue consulted: Vol. 44 (2007) (publisher's Web site, viewed July 24, 2008).
=540  \\$aCurrent Copyright Fee: GBP32.00$c35\0$5Uk
=650  \0$aHeterocyclic compounds$vPeriodicals.
=776  1\$tJournal of heterocyclic chemistry$x0022-152X
=859  \\$aELD$bejournal
=856  \\$31850-9999$uhttp://onlinelibrary.wiley.com/$xBLDSS
=852  41$aBritish Library$bSTI$jELD Digital store$3Volume 50:Number 1(2013:Jan.)-***Previous issues available in print copy
=852  41$aBritish Library$bDSC$j4998.200000$3Volume 3:Issue 2(1966)-Volume 55:Issue 3(2018)***See ESTAR for full holdings.
=945  \\$aJournal of heterocyclic chemistry
=959  \\$fHeld but not currently received
=979  \\$aBritish Library$bDSC$j4998.200000
=CAT  \\$a6811$b40$c20100722$lBLL01$h1335
=CAT  \\$aBATCH-UPD$b40$c20101116$lBLL01$h1335
=CAT  \\$aIPL-CLA$c20101231$lBLL01$h1529
=CAT  \\$a8201$b40$c20130521$lBLL01$h0915
=CAT  \\$aWR13.114$c20130717$lBLL01$h1314
=CAT  \\$aBATCH-PORT$c20130829$lBLL01$h1114
=CAT  \\$aWR14_009$c20140204$lBLL01$h2342
=CAT  \\$aBLDSS-3PM$b00$c20141214$lBLL01$h1526
=CAT  \\$aBATCH-UPD$b00$c20150215$lBLL01$h1703
=CAT  \\$aIPL-CLA$c20150228$lBLL01$h2056
=CAT  \\$aBATCH-UPD$b00$c20160519$lBLL01$h1437
=CAT  \\$aW1711-1005$c20171206$lBLL01$h1822
=CAT  \\$aBATCH-UPD$b00$c20180219$lBLL01$h1754
=CAT  \\$aW1805-0471$c20180520$lBLL01$h1140
=CAT  \\$aBATCH-UPD$b00$c20181121$lBLL01$h1625
=CAT  \\$aIPL-CLA$c20181231$lBLL01$h1550
=CAT  \\$aR1911-0245$c20191127$lBLL01$h0823
=CAT  \\$aR1911-0245$c20191127$lBLL01$h1045
=CAT  \\$aIPL-CLA$c20191231$lBLL01$h2024
=CAT  \\$a5410$b40$c20230406$lBLL01$h1448
=CAT  \\$a14586$b40$c20230505$lBLL01$h1341
=CFI  0\$aCurrent Copyright Fee: GBP32.00$c35\0$e01-jan-2020$fGBP32.00$g0$hP$5Uk
=CFI  2\$aPrevious copyright fee: GBP28.00$c35\0$e01-jan-2019$fGBP28.00$g0$hP$5Uk
=EST  \\$a1
=FFP  \\$aY$bBLDSS-3PM
=FIN  \\$aY$d20130521
=LKR  \\$aPAR$b010489937$lBLL01$r776$mJournal of heterocyclic chemistry (Online)$nJournal of heterocyclic chemistry
=MNI  \\$a0022-152X
=TCO  \\$aZZZ$c008
=TOC  \\$aETOC
=UNO  \\$aY
=ACF  \\$aPrevious copyright fee: GBP17.00$c35\0$e22-jul-2010$fGBP17.00$g0$hP$5Uk
=ACF  \\$aPrevious copyright fee: GBP22.00$c35\0$e01-jan-2011$fGBP22.00$g0$hP$5Uk
=ACF  \\$aPrevious copyright fee: GBP24.00$c35\0$e01-mar-2015$fGBP24.00$g0$hP$5Uk
=LAS  \\$a14586$b40$c20230505$lBLL01$h1341

