=LDR  02641cas a2200673 a 4500
=001  016003564
=003  Uk
=005  20230831090858.0
=006  m\\\\\\\\d\\\\\\\\
=007  cr\|||||||||||
=008  120109c\\\\9999\\\\\\p\s\\\\\0\\\a0eng\\
=FMT  \\$a  SE
=022  \\$y1080-6032
=037  \\$a???$bSage (UK) Ltd
=245  00$aWildeness & environmental medicine$h[electronic resource].
=260  \\$bElsevier
=336  \\$atext$2rdacontent
=337  \\$acomputer$2rdamedia
=338  \\$aonline resource$2rdacarrier
=538  \\$aMode of access: World Wide Web.
=540  \\$aCurrent copyright fee: GBP34.30$c5\1$5Uk
=859  \\$aELD$bejournal
=856  \\$31850-9999$uhttp://www.elsevier.com/journals$xBLDSS
=852  41$aBritish Library$bDSC$j9317.236000$3Volume 9:Issue 2(1998)-Volume 28:Issue 4(2017)***See ESTAR for full holdings.
=852  41$aBritish Library$bHMNTS$jELD Digital store$3Vol. 35,no.1(2024)-
=945  \\$aWilderness and environmental medicine
=959  \\$fHeld but not currently received
=979  \\$aBritish Library$bDSC$j9317.236000
=CAT  \\$a8464$b40$c20120109$lBLL01$h1438
=CAT  \\$aBATCH-TCO$c20120117$lBLL01$h0038
=CAT  \\$aCDS12-UPD$b40$c20120206$lBLL01$h1842
=CAT  \\$a11033$b40$c20120228$lBLL01$h1208
=CAT  \\$aBATCH-UPD$b40$c20121121$lBLL01$h1700
=CAT  \\$aIPL-CLA$c20121231$lBLL01$h1335
=CAT  \\$aIPL-CLA$c20130102$lBLL01$h1814
=CAT  \\$aBATCH-CLA$b00$c20130526$lBLL01$h1632
=CAT  \\$aBLDSS-3PM$b00$c20141222$lBLL01$h1720
=CAT  \\$aBATCH-UPD$b00$c20160616$lBLL01$h0843
=CAT  \\$aBATCH-UPD$b00$c20171121$lBLL01$h1754
=CAT  \\$aIPL-CLA$c20171231$lBLL01$h1811
=CAT  \\$aW1805-0471$c20180520$lBLL01$h1140
=CAT  \\$aBATCH-UPD$b00$c20190521$lBLL01$h1445
=CAT  \\$aIPL-CLA$c20190630$lBLL01$h1546
=CAT  \\$aBATCH-UPD$b00$c20211119$lBLL01$h1601
=CAT  \\$aIPL-CLA$c20211231$lBLL01$h1545
=CAT  \\$a5410$b40$c20230405$lBLL01$h1549
=CAT  \\$a9667$b40$c20230831$lBLL01$h0908
=CFI  0\$aCurrent copyright fee: GBP34.30$c5\1$e01-jan-2022$fGBP34.30$g0$hP$5Uk
=CFI  2\$aPrevious copyright fee: GBP32.84$c5\1$e01-jul-2019$fGBP32.84$g0$hP$5Uk
=EST  \\$a1
=FFP  \\$aY$bBLDSS-3PM
=MNI  \\$a1080-6032
=TCO  \\$aZZZ$c008
=TCO  \\$aTRS$bCCC$c008
=TOC  \\$aETOC
=ACF  \\$aPrevious copyright fee: GBP21.00$c5\1$e09-jan-2012$fGBP21.00$g0$hP$5Uk
=ACF  \\$aPrevious copyright fee: GBP22.50$c5\1$e01-jan-2013$fGBP22.50$g0$hP$5Uk
=ACF  \\$aPrevious copyright fee: GBP23.40$c5\1$e01-jan-2018$fGBP23.40$g0$hP$5Uk
=LAS  \\$a9667$b40$c20230831$lBLL01$h0908

