=LDR  04135cas a2200925 a 4500
=001  016043717
=003  Uk
=005  20221231145125.0
=006  m\\\\\\\\d\\\\\\\\
=007  cr\|||||||||||
=008  120306c20119999enk\r\p\s\\\\\0\\\a0eng\\
=FMT  \\$a  SE
=022  \\$y2095-0217
=037  \\$a???$bSpringer
=040  \\$aUk$beng$cUk
=245  00$aFrontiers of medicine$h[electronic resource].
=260  \\$bSpringer
=336  \\$atext$2rdacontent
=337  \\$acomputer$2rdamedia
=338  \\$aonline resource$2rdacarrier
=538  \\$aMode of access: World Wide Web.
=540  \\$aCurrent copyright fee: GBP34.95$c22\1$5Uk
=780  00$tFrontiers of medicine in China
=859  \\$aELD$bejournal
=856  \\$31850-9999$uhttp://www.springer.com/gb/$xBLDSS
=852  41$aBritish Library$bDSC$j4042.037240$3Volume 5:Issue 1(2011)-Volume 8:Issue 4(2014)***See ESTAR for full holdings.
=852  41$aBritish Library$bHMNTS$jELD Digital store$3Volume 11:Issue 4(2017)-
=945  \\$aFrontiers of medicine
=959  \\$fHeld but not currently received
=CAT  \\$a12654$b40$c20120306$lBLL01$h1430
=CAT  \\$aCDS15-UPD$b40$c20150313$lBLL01$h1911
=CAT  \\$aIPL-CLA$c20150331$lBLL01$h1718
=CAT  \\$aBATCH-UPD$b00$c20150520$lBLL01$h1708
=CAT  \\$aIPL-CLA$c20150630$lBLL01$h1717
=CAT  \\$aBATCH-UPD$b00$c20150820$lBLL01$h1757
=CAT  \\$aIPL-CLA$c20150930$lBLL01$h1844
=CAT  \\$aBATCH-UPD$b00$c20160217$lBLL01$h1645
=CAT  \\$aIPL-CLA$c20160331$lBLL01$h1807
=CAT  \\$aBATCH-UPD$b00$c20160524$lBLL01$h2159
=CAT  \\$aBATCH-UPD$b00$c20160524$lBLL01$h2304
=CAT  \\$aBATCH-UPD$b00$c20160824$lBLL01$h1722
=CAT  \\$aIPL-CLA$c20160930$lBLL01$h1635
=CAT  \\$aBATCH-UPD$b00$c20170216$lBLL01$h1809
=CAT  \\$aIPL-CLA$c20170331$lBLL01$h1913
=CAT  \\$aBATCH-UPD$b00$c20170904$lBLL01$h1811
=CAT  \\$aIPL-CLA$c20170929$lBLL01$h1759
=CAT  \\$aBATCH-UPD$b00$c20180223$lBLL01$h1628
=CAT  \\$aIPL-CLA$c20180331$lBLL01$h1658
=CAT  \\$aBATCH-UPD$b00$c20180524$lBLL01$h1659
=CAT  \\$aIPL-CLA$c20180630$lBLL01$h1935
=CAT  \\$a15190$b40$c20201110$lBLL01$h1300
=CAT  \\$a5552$b40$c20210812$lBLL01$h0755
=CAT  \\$aIPL-CLA$c20210930$lBLL01$h1528
=CAT  \\$aBATCH-UPD$b00$c20221121$lBLL01$h1412
=CAT  \\$aIPL-CLA$c20221231$lBLL01$h1451
=CFI  0\$aCurrent copyright fee: GBP34.95$c22\1$e01-jan-2023$fGBP34.95$g0$hP$5Uk
=CFI  2\$aPrevious copyright fee: GBP43.00$c22\1$e01-oct-2021$fGBP43.00$g0$hP$5Uk
=EST  \\$a1
=FFP  \\$aY$bBLDSS-3PM
=FIN  \\$aY$d20120326
=LKR  \\$aPAR$b013702596$lBLL01$r78000$mFrontiers of medicine$nFrontiers of medicine in China
=MNI  \\$a2095-0217
=TOC  \\$aETOC
=UNO  \\$aY
=ACF  \\$aPrevious copyright fee: GBP22.00$c13\5$e06-mar-2012$fGBP22.00$g0$hP$5Uk
=ACF  \\$aPrevious copyright fee: GBP22.00$c13\5$e12-aug-2012$fGBP22.00$g0$hP$5Uk
=ACF  \\$aPrevious copyright fee: GBP25.00$c13\5$e01-jan-2013$fGBP25.00$g0$hP$5Uk
=ACF  \\$aPrevious copyright fee: GBP25.77$c13\5$e01-jul-2013$fGBP25.77$g0$hP$5Uk
=ACF  \\$aPrevious copyright fee: GBP24.97$c13\5$e01-jan-2014$fGBP24.97$g0$hP$5Uk
=ACF  \\$aPrevious copyright fee: GBP24.21$c13\5$e01-jul-2014$fGBP24.21$g0$hP$5Uk
=ACF  \\$aPrevious copyright fee: GBP25.77$c13\5$e01-apr-2015$fGBP25.77$g0$hP$5Uk
=ACF  \\$aPrevious copyright fee: GBP26.63$c13\5$e01-jul-2015$fGBP26.63$g0$hP$5Uk
=ACF  \\$aPrevious copyright fee: GBP25.77$c13\5$e01-oct-2015$fGBP25.77$g0$hP$5Uk
=ACF  \\$aPrevious copyright fee: GBP27.55$c13\5$e01-apr-2016$fGBP27.55$g0$hP$5Uk
=ACF  \\$aPrevious copyright fee: GBP29.59$c13\5$e01-oct-2016$fGBP29.59$g0$hP$5Uk
=ACF  \\$aPrevious copyright fee: GBP31.96$c13\5$e01-apr-2017$fGBP31.96$g0$hP$5Uk
=ACF  \\$aPrevious copyright fee: GBP30.73$c13\5$e01-oct-2017$fGBP30.73$g0$hP$5Uk
=ACF  \\$aPrevious copyright fee: GBP28.54$c13\5$e01-apr-2018$fGBP28.54$g0$hP$5Uk
=ACF  \\$aPrevious copyright fee: GBP34.00$c22\1$e01-jul-2018$fGBP34.00$g0$hP$5Uk
=LAS  \\$aIPL-CLA$b00$c20221231$lBLL01$h1451

