=LDR  04199cas a2200985 a 4500
=001  013820160
=003  Uk
=005  20191231194714.0
=006  m\\\\\o\\d\\\\\\\\
=007  cr\bnu||||||||
=008  070816c19789999enkqr\\\s\\\\\0\\\a0eng\\
=FMT  \\$a  SE
=015  \\$aGBB350503$2bnb
=022  0\$a1755-6988$y0161-7109$l0161-7109
=037  \\$aISSN_01617109$bPortico$nWiley
=040  \\$aUk$beng$cUk$dUk
=042  \\$aukblsr
=082  04$a346.015$222
=222  \0$aJuvenile & family court journal$b(Online)
=245  00$aJuvenile & family court journal$h[electronic resource].
=246  3\$aJuvenile and family court journal
=260  \\$a[S.l.] :$bWiley-Blackwell
=310  \\$aQuarterly
=336  \\$atext$2rdacontent
=337  \\$acomputer$2rdamedia
=338  \\$aonline resource$2rdacarrier
=538  \\$aMode of access: World Wide Web.
=550  \\$a"The journal of the National Council of Juvenile and Family Court Judges."
=540  \\$aCurrent Copyright Fee: GBP32.00$c35\0$5Uk
=650  \0$aJuvenile justice, Administration of$zUnited States$vPeriodicals.
=650  \0$aJuvenile courts$zUnited States$vPeriodicals.
=650  \0$aDomestic relations courts$zUnited States$vPeriodicals.
=710  2\$aNational Council of Juvenile and Family Court Judges.
=776  08$iPrint version:$tJuvenile & family court journal$x0161-7109
=859  \\$aELD$bejournal
=856  \\$31850-9999$uhttp://onlinelibrary.wiley.com/$xBLDSS
=852  41$aBritish Library$bDSC$j5077.290000$3Volume 59:Issue 1(2008)-Volume 65:Issue 3/4(2014)***See ESTAR for full holdings.
=852  41$aBritish Library$bHMNTS$jELD Digital store$3Volume 64:Number 1(2013:Winter)-***Previous issues available in print copy
=945  \\$aJuvenile and family court
=959  \\$fHeld but not currently received
=985  \\$aISSN responsibility transferred to U.S. ISSN Center, 02/12/14.
=985  \\$aCorrected by BSS-generated file for WR# 08/157
=985  \\$aISSN title from journal home page (Wiley Online Library, viewed May 12, 2011).
=CAT  \\$a11316$b40$c20070816$lBLL01$h1412
=CAT  \\$aIPL-CLA$c20101231$lBLL01$h1522
=CAT  \\$a5997$b40$c20110512$lBLL01$h1252
=CAT  \\$aBATCH-CLA$b00$c20121109$lBLL01$h1724
=CAT  \\$a8874$b40$c20130522$lBLL01$h1356
=CAT  \\$a8874$b40$c20130522$lBLL01$h1357
=CAT  \\$aBATCH-CLA$b00$c20130526$lBLL01$h1649
=CAT  \\$aWR13.114$c20130717$lBLL01$h1314
=CAT  \\$aBATCH-PORT$c20130829$lBLL01$h1114
=CAT  \\$aWR14_009$c20140204$lBLL01$h2342
=CAT  \\$a10806$b40$c20141202$lBLL01$h1102
=CAT  \\$aBLDSS-3PM$b00$c20141214$lBLL01$h1524
=CAT  \\$aBATCH-UPD$b00$c20150215$lBLL01$h1629
=CAT  \\$aIPL-CLA$c20150228$lBLL01$h2052
=CAT  \\$aCDS15-UPD$b40$c20150918$lBLL01$h1640
=CAT  \\$aBATCH-UPD$b40$c20160526$lBLL01$h0726
=CAT  \\$aW1703-0316$c20170306$lBLL01$h1825
=CAT  \\$aW1703-0316$c20170307$lBLL01$h1649
=CAT  \\$aIPL-CLA$c20170307$lBLL01$h1824
=CAT  \\$aW1711-1005$c20171206$lBLL01$h1820
=CAT  \\$aBATCH-UPD$b00$c20180219$lBLL01$h1750
=CAT  \\$aBATCH-UPD$b00$c20181121$lBLL01$h1623
=CAT  \\$aIPL-CLA$c20181231$lBLL01$h1546
=CAT  \\$aR1911-0245$c20191127$lBLL01$h0823
=CAT  \\$aR1911-0245$c20191127$lBLL01$h1045
=CAT  \\$aIPL-CLA$c20191231$lBLL01$h1947
=CFI  0\$aCurrent Copyright Fee: GBP32.00$c35\0$e01-jan-2020$fGBP32.00$g0$hP$5Uk
=CFI  2\$aPrevious copyright fee: GBP28.00$c35\0$e01-jan-2019$fGBP28.00$g0$hP$5Uk
=EST  \\$a1
=FFP  \\$aY$bBLDSS-3PM
=FIN  \\$aY$d20110512
=MNI  \\$a0161-7109
=TCO  \\$aCLA$bCLA$c008
=TCO  \\$aTRS$bCCC$c008
=TOC  \\$aETOC
=UNO  \\$aY
=ACF  \\$aPrevious copyright fee: GBP16.00$c10\0$e05-sep-2008$fGBP16.00$g0$hP$5Uk
=ACF  \\$aPrevious copyright fee: GBP17.00$c10\0$e01-jan-2009$fGBP17.00$g0$hP$5Uk
=ACF  \\$aPrevious copyright fee: GBP22.00$c10\0$e01-jan-2011$fGBP22.00$g0$hP$5Uk
=ACF  \\$aPrevious copyright fee: GBP24.00$c10\0$e01-mar-2015$fGBP24.00$g0$hP$5Uk
=ACF  \\$aPrevious copyright fee: GBP24.00$c35\0$e07-mar-2017$fGBP24.00$g0$hP$5Uk
=LAS  \\$aIPL-CLA$b00$c20191231$lBLL01$h1947

