=LDR  04586 as a2201093 a 4500
=001  014512979
=003  Uk
=005  20200331162104.0
=006  m\\\\\o\\d\\\\\\\\
=007  cr\cnu||||||||
=008  080205c20079999enkqr\p\o\\\\\0\\\a0eng\\
=FMT  \\$a  SE
=010  \\$a2007215751
=015  \\$aGBB349375$2bnb
=022  0\$a1936-6779$l1936-2145$21
=035  \\$a(OCoLC)122401493$z(OCoLC)93962346
=037  \\$bConservation, Dept. of Zoology, Box 351800, University of Washington, Seattle, WA 98195-1800
=037  \\$aISSN_19362145$bPortico$nWiley
=040  \\$aNSD$beng$cNSD$dNSD$dBUF$dOCLCQ$dLGG$dMYG$dOCLCQ$dUk
=042  \\$aukblsr
=050  10$aISSN RECORD
=050  14$aQH75.A1$bC66515
=082  04$a333$222
=130  0\$aConservation (Seattle, Wash. : Online)
=222  \0$aConservation$b(Seattle, Wash. Online)
=245  10$aConservation$h[electronic resource].
=246  13$aConservation magazine
=260  \\$aSeattle, WA :$bSociety for Conservation Biology,$cc2007-
=260  3\$bBlackwell Publishing$32007-
=310  \\$aQuarterly
=336  \\$atext$2rdacontent
=337  \\$acomputer$2rdamedia
=338  \\$aonline resource$2rdacarrier
=362  1\$aBegan with: Vol. 8, no. 1 (Jan./Mar. 2007).
=530  \\$aAlso issued in print.
=588  \\$aDescription based on: Vol. 8, no. 1 (Jan./Mar. 2007); title from title screen (Blackwell-Synergy, viewed July 1, 2009).
=588  \\$aLatest issue consulted: Vol. 9, no. 4 (Oct./Dec. 2008) (Blackwell-Synergy, viewed July 1, 2009).
=516  \\$aPDF format
=540  \\$aCurrent copyright fee: GBP32.00$c35\0$5Uk
=650  \0$aEcosystem management$vPeriodicals.
=650  \0$aConservation biology$vPeriodicals.
=690  7\$aManagement and Business Studies$2blcoll
=710  2\$aSociety for Conservation Biology.
=776  1\$tConservation (Seattle, Wash.)$x1936-2145
=780  00$tConservation in practice (Online)$x1552-5228
=859  \\$aELD$bejournal
=856  \\$31850-9999$uhttp://onlinelibrary.wiley.com/$xBLDSS
=852  41$aBritish Library$bDSC$j3417.953500$3Volume 8:Issue 4(2007)-Volume 15:Issue 3(2014)***See ESTAR for full holdings.
=852  41$aBritish Library$bHMNTS$jELD Digital store$3Volume 13:Issue 4(2013)-Volume 15:Issue 3(2014)
=945  \\$aConservation -Society for Conservation Biology-
=959  \\$fHeld but not currently received
=CAT  \\$a7174$b40$c20080205$lBLL01$h1214
=CAT  \\$a9541$b40$c20080415$lBLL01$h1332
=CAT  \\$a8409$b40$c20100108$lBLL01$h1125
=CAT  \\$aWR10_164$c20101215$lBLL01$h1511
=CAT  \\$a8201$b40$c20130521$lBLL01$h0942
=CAT  \\$aBATCH-MBS$c20130524$lBLL01$h2059
=CAT  \\$aBATCH-CLA$b00$c20130526$lBLL01$h1702
=CAT  \\$aWR13.114$c20130717$lBLL01$h1314
=CAT  \\$aBATCH-PORT$c20130829$lBLL01$h1113
=CAT  \\$aBATCH-CLA$b00$c20140125$lBLL01$h1320
=CAT  \\$aWR14_009$c20140204$lBLL01$h2342
=CAT  \\$aBATCH-CLA$c20140225$lBLL01$h2332
=CAT  \\$aBLDSS-3PM$b00$c20141214$lBLL01$h1525
=CAT  \\$aBATCH-UPD$b00$c20150215$lBLL01$h1631
=CAT  \\$aIPL-CLA$c20150228$lBLL01$h2053
=CAT  \\$aCDS15-UPD$b40$c20150918$lBLL01$h1640
=CAT  \\$aBATCH-UPD$b40$c20160601$lBLL01$h1048
=CAT  \\$aW1703-0316$c20170306$lBLL01$h1826
=CAT  \\$aW1703-0316$c20170307$lBLL01$h1649
=CAT  \\$aIPL-CLA$c20170307$lBLL01$h1824
=CAT  \\$aW1711-1005$c20171206$lBLL01$h1820
=CAT  \\$aBATCH-UPD$b00$c20180219$lBLL01$h1752
=CAT  \\$aBATCH-UPD$b00$c20181121$lBLL01$h1624
=CAT  \\$aIPL-CLA$c20181231$lBLL01$h1547
=CAT  \\$aBATCH-UPD$b00$c20200219$lBLL01$h1542
=CAT  \\$aIPL-CLA$c20200331$lBLL01$h1621
=CFI  0\$aCurrent copyright fee: GBP32.00$c35\0$e01-apr-2020$fGBP32.00$g0$hP$5Uk
=CFI  2\$aPrevious copyright fee: GBP28.00$c35\0$e01-jan-2019$fGBP28.00$g0$hP$5Uk
=EST  \\$a1
=FFP  \\$aY$bBLDSS-3PM
=FIN  \\$aY$d20130521
=LKR  \\$aPAR$b013177540$lBLL01$r780$mConservation$nConservation in practice (Online)
=LKR  \\$aPAR$b013703564$lBLL01$r776$mConservation [electronic resource].$nConservation (Seattle, Wash.) (Print).
=MNI  \\$a1936-2145
=SID  \\$aZ39$bOCLC
=TCO  \\$aCLA$bCLA$c008
=TCO  \\$aTRS$bCCC$c008
=TOC  \\$aETOC
=UNO  \\$aY
=ACF  \\$aPrevious Copyright Fee: GBP22.00$c10\0$e05-feb-2008$fGBP22.00$g0$hP$5Uk
=ACF  \\$aPrevious copyright fee: GBP24.00$c10\0$e01-mar-2015$fGBP24.00$g0$hP$5Uk
=ACF  \\$aPrevious copyright fee: GBP24.00$c35\0$e07-mar-2017$fGBP24.00$g0$hP$5Uk
=LAS  \\$aIPL-CLA$b00$c20200331$lBLL01$h1621

