=LDR  04108cas a2200949 a 4500
=001  014582911
=003  Uk
=005  20221025133041.0
=006  m\\\\\o\\d\\\\\\\\
=007  cr\un|||||||||
=008  080408c19779999xxuqr\pso\\\\\0\\\a0eng\\
=FMT  \\$a  SE
=015  \\$aGBB350960$2bnb
=022  0\$a1939-165X$l0275-6382$y0275-6382$21
=037  \\$aISSN_02756382$bPortico$nWiley
=040  \\$aUk$beng$cUk$dUk
=042  \\$aukblsr
=082  04$a636.089607$222
=130  0\$aVeterinary clinical pathology (Online)
=222  \0$aVeterinary clinical pathology$b(Online)
=245  10$aVeterinary clinical pathology$h[electronic resource] /$cAmerican Society for Veterinary Clinical Pathology.
=260  \\$aSanta Barbara, CA :$bVeterinary Practice Pub. Co.
=336  \\$atext$2rdacontent
=337  \\$acomputer$2rdamedia
=338  \\$aonline resource$2rdacarrier
=362  1\$aPrint began with v. 6, no. 3 (Nov./Dec. 1977).
=500  \\$aImprint varies: Columbia, MO, 1977- ; Santa Barbara, CA, <Sept. 15, 1989>-1997; Baton Rouge, LA : American Society for Veterinary Clinical Pathology, 1998-
=530  \\$aAlso issued in print.
=538  \\$aMode of access: World Wide Web.
=540  \\$aCurrent copyright fee: GBP39.00$c35\0$5Uk
=650  \0$aVeterinary pathology$vPeriodicals.
=710  2\$aAmerican Society for Veterinary Clinical Pathology.
=776  1\$tVeterinary clinical pathology$x0275-6382
=859  \\$aELD$bejournal
=856  \\$31850-9999$uhttp://onlinelibrary.wiley.com/$xBLDSS
=852  41$aBritish Library$bHMNTS$jELD Digital store$3Volume 42:Number 1(2013)-***Previous issues available in print copy
=852  41$aBritish Library$bDSC$j9227.015500$3Volume 37:Issue 1(2008)-Volume 43:Issue 4(2014)***See ESTAR for full holdings.
=945  \\$aVeterinary clinical pathology
=959  \\$fHeld but not currently received
=979  \\$aBritish Library$bDSC$j9227.015500
=985  \\$aCONFERENCE ANALYTICAL RECORDS EXIST
=CAT  \\$a7174$b40$c20080408$lBLL01$h0914
=CAT  \\$aWR13.114$c20130717$lBLL01$h1314
=CAT  \\$aBATCH-PORT$c20130829$lBLL01$h1114
=CAT  \\$aBATCH-CLA$b00$c20140125$lBLL01$h1312
=CAT  \\$aWR14_009$c20140204$lBLL01$h2343
=CAT  \\$aBATCH-CLA$c20140225$lBLL01$h2333
=CAT  \\$a10934$b40$c20140709$lBLL01$h0954
=CAT  \\$aBLDSS-3PM$b00$c20141214$lBLL01$h1525
=CAT  \\$aBATCH-UPD$b00$c20150215$lBLL01$h1632
=CAT  \\$aIPL-CLA$c20150228$lBLL01$h2053
=CAT  \\$aCDS15-UPD$b40$c20150918$lBLL01$h1640
=CAT  \\$aBATCH-UPD$b40$c20160613$lBLL01$h1417
=CAT  \\$aW1703-0316$c20170306$lBLL01$h1826
=CAT  \\$aW1703-0316$c20170307$lBLL01$h1649
=CAT  \\$aIPL-CLA$c20170307$lBLL01$h1824
=CAT  \\$aW1711-1005$c20171206$lBLL01$h1821
=CAT  \\$aBATCH-UPD$b00$c20180219$lBLL01$h1752
=CAT  \\$aBATCH-UPD$b00$c20181121$lBLL01$h1624
=CAT  \\$aIPL-CLA$c20181231$lBLL01$h1547
=CAT  \\$aR1911-0245$c20191127$lBLL01$h0823
=CAT  \\$aR1911-0245$c20191127$lBLL01$h1045
=CAT  \\$aIPL-CLA$c20191231$lBLL01$h2004
=CAT  \\$a5410$b40$c20200203$lBLL01$h1546
=CAT  \\$aW2111-0842$c20211208$lBLL01$h1942
=CAT  \\$aIPL-CLA$c20211231$lBLL01$h1544
=CAT  \\$a5410$b40$c20221025$lBLL01$h1330
=CFI  0\$aCurrent copyright fee: GBP39.00$c35\0$e01-jan-2022$fGBP39.00$g0$hP$5Uk
=CFI  2\$aPrevious Copyright Fee: GBP32.00$c35\0$e01-jan-2020$fGBP32.00$g0$hP$5Uk
=EST  \\$a1
=FFP  \\$aY$bBLDSS-3PM
=FIN  \\$aY$d20130524
=LKR  \\$aPAR$b011771381$lBLL01$r776$mVeterinary clinical pathology (Online)$nVeterinary clinical pathology
=MNI  \\$a0275-6382
=TCO  \\$aTRS$bCCC$c008
=TOC  \\$aETOC
=UNO  \\$aY
=ACF  \\$aPrevious Copyright Fee: GBP22.00$c10\0$e08-apr-2008$fGBP22.00$g0$hP$5Uk
=ACF  \\$aPrevious copyright fee: GBP24.00$c10\0$e01-mar-2015$fGBP24.00$g0$hP$5Uk
=ACF  \\$aPrevious copyright fee: GBP24.00$c35\0$e07-mar-2017$fGBP24.00$g0$hP$5Uk
=ACF  \\$aPrevious copyright fee: GBP28.00$c35\0$e01-jan-2019$fGBP28.00$g0$hP$5Uk
=LAS  \\$a5410$b40$c20221025$lBLL01$h1330

