=LDR  04224cas a2201045 a 4500
=001  014687236
=003  Uk
=005  20231016110035.0
=006  m\\\\\o\\d\\\\\\\\
=007  cr\|||||||||||
=008  080806c19839999enkqr\p\o\\\\\0\\\a0eng\\
=FMT  \\$a  SE
=015  \\$aGBB350961$2bnb
=022  \\$a1548-1417$y0883-024X
=037  \\$aISSN_0883024X_2$bPortico$nWiley
=040  \\$aUk$beng$cUk$dUk
=042  \\$aukblsr
=082  04$a306.36$223
=130  0\$aAnthropology of work review (Online)
=222  \0$aAnthropology of work review$b(Online)
=245  10$aAnthropology of work review$h[electronic resource].
=246  30$aAWR
=260  \\$a[Oxford, England]:$bBlackwell
=310  \\$aQuarterly
=336  \\$atext$2rdacontent
=337  \\$acomputer$2rdamedia
=338  \\$aonline resource$2rdacarrier
=362  1\$aPrint began with vol. 4, no. 1 (Feb. 1983).
=516  \\$aPDF format
=530  \\$aAlso issued in print.
=538  \\$aMode of access: World Wide Web.
=540  \\$aCurrent Copyright Fee: GBP32.00$c35\0$5Uk
=650  \0$aWork$vPeriodicals.
=650  \0$aEconomic anthropology$vPeriodicals.
=690  7\$aManagement and Business Studies$2blcoll
=690  7\$aSocial Welfare$2blcoll
=776  18$iPrint version:$tAnthropology of work review$x0883-024X
=780  00$tAnthropology of work newsletter (Online)
=859  \\$aELD$bejournal
=856  \\$31850-9999$uhttp://onlinelibrary.wiley.com/$xBLDSS
=852  41$aBritish Library$bDSC$j1546.515000$3Volume 1:Issue 1(1980)-Volume 35:Issue 2(2014)***See ESTAR for full holdings.
=852  41$aBritish Library$bHMNTS$jELD Digital store$3Volume 34:Number 1(2013)-***Previous issues available in print copy
=945  \\$aAnthropology of work review
=959  \\$fHeld but not currently received
=979  \\$aBritish Library$bDSC$j1546.515000
=CAT  \\$a8464$b40$c20080806$lBLL01$h0949
=CAT  \\$a8456$b40$c20130524$lBLL01$h1337
=CAT  \\$a8456$b40$c20130524$lBLL01$h1338
=CAT  \\$aBATCH-CLA$b00$c20130526$lBLL01$h1645
=CAT  \\$aBATCH-MBS$c20130531$lBLL01$h2117
=CAT  \\$aBATCH-SWP$c20130531$lBLL01$h2318
=CAT  \\$aWR13.114$c20130717$lBLL01$h1314
=CAT  \\$aBATCH-PORT$c20130829$lBLL01$h1113
=CAT  \\$aWR14_009$c20140204$lBLL01$h2342
=CAT  \\$aBLDSS-3PM$b00$c20141214$lBLL01$h1525
=CAT  \\$aBATCH-UPD$b00$c20150215$lBLL01$h1633
=CAT  \\$aIPL-CLA$c20150228$lBLL01$h2054
=CAT  \\$aCDS15-UPD$b40$c20150918$lBLL01$h1640
=CAT  \\$aBATCH-UPD$b40$c20160705$lBLL01$h0316
=CAT  \\$aW1703-0316$c20170306$lBLL01$h1826
=CAT  \\$aW1703-0316$c20170307$lBLL01$h1650
=CAT  \\$aIPL-CLA$c20170307$lBLL01$h1824
=CAT  \\$aW1711-1005$c20171206$lBLL01$h1821
=CAT  \\$aBATCH-UPD$b00$c20180219$lBLL01$h1752
=CAT  \\$aBATCH-UPD$b00$c20181121$lBLL01$h1624
=CAT  \\$aIPL-CLA$c20181231$lBLL01$h1548
=CAT  \\$a5410$b40$c20191007$lBLL01$h1205
=CAT  \\$aR1911-0245$c20191127$lBLL01$h0823
=CAT  \\$aR1911-0245$c20191127$lBLL01$h1045
=CAT  \\$aIPL-CLA$c20191231$lBLL01$h2006
=CAT  \\$a5410$b40$c20221026$lBLL01$h1143
=CAT  \\$a12654$b40$c20231016$lBLL01$h1100
=CFI  0\$aCurrent Copyright Fee: GBP32.00$c35\0$e01-jan-2020$fGBP32.00$g0$hP$5Uk
=CFI  1\$aPending Copyright Fee: GBP39.00$c35\0$e01-jan-2024$fGBP39.00$g0$hP$5Uk
=CFI  2\$aPrevious copyright fee: GBP28.00$c35\0$e01-jan-2019$fGBP28.00$g0$hP$5Uk
=EST  \\$a1
=FFP  \\$aY$bBLDSS-3PM
=FIN  \\$aY
=LKR  \\$aPAR$b010460924$lBLL01$r776$mAnthropology of work review (Online)$nAnthropology of work review
=MNI  \\$a0883-024X
=TCO  \\$aZZZ$c008
=TCO  \\$aTRS$bCCC$c008
=TOC  \\$aETOC
=UNO  \\$aY
=ACF  \\$aPrevious copyright fee: GBP16.00$c10\0$e06-aug-2008$fGBP16.00$g0$hP$5Uk
=ACF  \\$aPrevious copyright fee: GBP17.00$c10\0$e01-jan-2009$fGBP17.00$g0$hP$5Uk
=ACF  \\$aPrevious copyright fee: GBP22.00$c10\0$e01-jan-2011$fGBP22.00$g0$hP$5Uk
=ACF  \\$aPrevious copyright fee: GBP24.00$c10\0$e01-mar-2015$fGBP24.00$g0$hP$5Uk
=ACF  \\$aPrevious copyright fee: GBP24.00$c35\0$e07-mar-2017$fGBP24.00$g0$hP$5Uk
=LAS  \\$a12654$b40$c20231016$lBLL01$h1100

