=LDR  04294cas a2201021 a 4500
=001  014687368
=003  Uk
=005  20200816111430.0
=006  m\\\\\o\\d\\\\\\\\
=007  cr\cnu||||||||
=008  080806c19939999enkfr\p\o\\\\\0\\\a0eng\\
=FMT  \\$a  SE
=015  \\$aGBB350687$2bnb
=022  0\$a1555-2934$l1081-6976$y1081-6976
=037  \\$aISSN_10816976_2$bPortico$nWiley
=040  \\$aUk$beng$cUk$dUk
=042  \\$aukblsr
=082  04$a301$223
=130  0\$aPolitical and legal anthropology review (Online)
=222  \0$aPolitical and legal anthropology review$b(Online)
=245  10$aPolitical and legal anthropology review$h[electronic resource].
=246  30$aPoLAR
=260  \\$a[Oxford, England] :$bBlackwell
=310  \\$aSemiannual
=336  \\$atext$2rdacontent
=337  \\$acomputer$2rdamedia
=338  \\$aonline resource$2rdacarrier
=362  1\$aPrint began with vol. 16, no. 1 (Mar. 1993).
=516  \\$aPDF format
=538  \\$aMode of access: World Wide Web.
=540  \\$aCurrent Copyright Fee: GBP32.00$c35\0$5Uk
=650  \0$aPolitical anthropology$vPeriodicals.
=650  \0$aLaw and anthropology$vPeriodicals.
=610  20$aAssociation for Political and Legal Anthropology$vPeriodicals.
=710  2\$aAssociation for Political and Legal Anthropology.
=776  08$iPrint version:$tPolitical and legal anthropology review$x1081-6976
=780  00$tApla (Association for Political and Legal Anthropology : Online)
=859  \\$aELD$bejournal
=856  \\$31850-9999$uhttp://onlinelibrary.wiley.com/$xBLDSS
=852  41$aBritish Library$bDSC$j6543.870530$3Volume 31:Issue 1(2008)-Volume 37:Issue 2(2014)***See ESTAR for full holdings.
=852  41$aBritish Library$bHMNTS$jELD Digital store$3Volume 36:Issue 1(2013:May)-***Previous issues available in print copy
=945  \\$aPolitical and legal anthropology review
=959  \\$fHeld but not currently received
=979  \\$aBritish Library$bDSC$j6543.870530
=985  \\$aCONFERENCE ANALYTIC &RECORDS EXIST
=CAT  \\$a8464$b40$c20080806$lBLL01$h1109
=CAT  \\$aIPL-CLA$c20101231$lBLL01$h1525
=CAT  \\$aBATCH-CLA$b00$c20121109$lBLL01$h1722
=CAT  \\$a8456$b40$c20130523$lBLL01$h1108
=CAT  \\$a8456$b40$c20130523$lBLL01$h1109
=CAT  \\$aBATCH-CLA$b00$c20130526$lBLL01$h1616
=CAT  \\$aWR13.114$c20130717$lBLL01$h1314
=CAT  \\$aBATCH-PORT$c20130829$lBLL01$h1114
=CAT  \\$aWR14_009$c20140204$lBLL01$h2343
=CAT  \\$a6162$b40$c20140715$lBLL01$h1639
=CAT  \\$aBLDSS-3PM$b00$c20141214$lBLL01$h1525
=CAT  \\$aBATCH-UPD$b00$c20150215$lBLL01$h1633
=CAT  \\$aIPL-CLA$c20150228$lBLL01$h2054
=CAT  \\$aCDS15-UPD$b40$c20150918$lBLL01$h1640
=CAT  \\$aBATCH-UPD$b40$c20160616$lBLL01$h2132
=CAT  \\$aW1703-0316$c20170306$lBLL01$h1826
=CAT  \\$aW1703-0316$c20170307$lBLL01$h1650
=CAT  \\$aIPL-CLA$c20170307$lBLL01$h1824
=CAT  \\$aW1711-1005$c20171206$lBLL01$h1821
=CAT  \\$aBATCH-UPD$b00$c20180219$lBLL01$h1752
=CAT  \\$aBATCH-UPD$b00$c20181121$lBLL01$h1624
=CAT  \\$aIPL-CLA$c20181231$lBLL01$h1548
=CAT  \\$aR1911-0245$c20191127$lBLL01$h0823
=CAT  \\$aR1911-0245$c20191127$lBLL01$h1045
=CAT  \\$aIPL-CLA$c20191231$lBLL01$h2006
=CAT  \\$a5410$b40$c20200816$lBLL01$h1114
=CFI  0\$aCurrent Copyright Fee: GBP32.00$c35\0$e01-jan-2020$fGBP32.00$g0$hP$5Uk
=CFI  2\$aPrevious copyright fee: GBP28.00$c35\0$e01-jan-2019$fGBP28.00$g0$hP$5Uk
=EST  \\$a1
=FFP  \\$aY$bBLDSS-3PM
=FIN  \\$aY
=LKR  \\$aPAR$b005508076$lBLL01$r776$mPolitical and legal anthropology review (Online)$nPolitical and legal anthropology review
=MNI  \\$a1081-6976
=TCO  \\$aZZZ$c008
=TCO  \\$aTRS$bCCC$c008
=TOC  \\$aETOC
=UNO  \\$aY
=ACF  \\$aPrevious copyright fee: GBP16.00$c10\0$e06-aug-2008$fGBP16.00$g0$hP$5Uk
=ACF  \\$aPrevious copyright fee: GBP17.00$c10\0$e01-jan-2009$fGBP17.00$g0$hP$5Uk
=ACF  \\$aPrevious copyright fee: GBP22.00$c10\0$e01-jan-2011$fGBP22.00$g0$hP$5Uk
=ACF  \\$aPrevious copyright fee: GBP24.00$c10\0$e01-mar-2015$fGBP24.00$g0$hP$5Uk
=ACF  \\$aPrevious copyright fee: GBP24.00$c35\0$e07-mar-2017$fGBP24.00$g0$hP$5Uk
=LAS  \\$a5410$b40$c20200816$lBLL01$h1114

