=LDR  04488cas a2201081 a 4500
=001  014798954
=003  Uk
=005  20231016105622.0
=006  m\\\\\o\\d\\\\\\\\
=007  cr\cnu||||||||
=008  081111c19939999xxufr\p\o\\\\\0\\\a0eng\\
=FMT  \\$a  SE
=010  \\$a2004213824
=015  \\$aGBB349547$2bnb
=022  0\$a1548-1409$l1548-1409$y0193-5615$21
=035  \\$a(OCoLC)53994483
=037  \\$aISSN_15599167$bPortico$nWiley
=040  \\$aNSD$beng$cNSD$dOCLCQ$dNSD$dSYB$dMYG$dCFI$dOCLCQ$dUk
=042  \\$aukblsr
=050  10$aISSN RECORD
=050  \4$aGN1$b.A6955
=082  04$a301.05$223
=130  0\$aAnthropology and humanism (Online)
=222  \0$aAnthropology and humanism$b(Online)
=245  10$aAnthropology and humanism$h[electronic resource].
=260  \\$aBerkeley, CA :$bUniversity of California Press
=310  \\$aSemiannual
=336  \\$atext$2rdacontent
=337  \\$acomputer$2rdamedia
=338  \\$aonline resource$2rdacarrier
=362  1\$aPrint began with vol. 18, no. 1 (June 1993).
=530  \\$aAlso issued in print.
=550  \\$aPublished for the Society for Humanistic Anthropology.
=588  \\$aDescription based on: Vol. 30, no. 1 (June 2005); title from journal HTML homepage (viewed Aug. 11, 2005.).
=538  \\$aMode of access: World Wide Web.
=540  \\$aCurrent Copyright Fee: GBP32.00$c35\0$5Uk
=650  \0$aAnthropology$vPeriodicals.
=650  \0$aHumanism$vPeriodicals.
=710  2\$aSociety for Humanistic Anthropology.
=776  1\$tAnthropology and humanism$x1559-9167
=780  00$tAnthropology and humanism quarterly (Online)$x1937-4402
=859  \\$aELD$bejournal
=856  \\$31850-9999$uhttp://onlinelibrary.wiley.com/$xBLDSS
=852  41$aBritish Library$bDSC$j1546.502720$3Volume 33:Issue 1/2(2008)-Volume 39:Issue 2(2014)***See ESTAR for full holdings.
=852  41$aBritish Library$bHMNTS$jELD Digital store$3Volume 38:Issue 1(2013:Jun.)-
=945  \\$aAnthropology and humanism
=959  \\$fHeld but not currently received
=979  \\$aBritish Library$bDSC$j1546.502720
=CAT  \\$a8464$b40$c20081111$lBLL01$h1057
=CAT  \\$aBATCH-UPD$b00$c20101116$lBLL01$h1328
=CAT  \\$aWR10_164$c20101215$lBLL01$h1511
=CAT  \\$aIPL-CLA$c20101231$lBLL01$h1526
=CAT  \\$aBATCH-CLA$b00$c20121109$lBLL01$h1722
=CAT  \\$a8201$b40$c20130521$lBLL01$h1423
=CAT  \\$aWR13.114$c20130717$lBLL01$h1314
=CAT  \\$aBATCH-PORT$c20130829$lBLL01$h1113
=CAT  \\$aWR14_009$c20140204$lBLL01$h2342
=CAT  \\$aBLDSS-3PM$b00$c20141214$lBLL01$h1525
=CAT  \\$aBATCH-UPD$b00$c20150215$lBLL01$h1633
=CAT  \\$aIPL-CLA$c20150228$lBLL01$h2054
=CAT  \\$aCDS15-UPD$b40$c20150918$lBLL01$h1640
=CAT  \\$aBATCH-UPD$b40$c20160812$lBLL01$h1647
=CAT  \\$aW1703-0316$c20170306$lBLL01$h1826
=CAT  \\$aW1703-0316$c20170307$lBLL01$h1650
=CAT  \\$aIPL-CLA$c20170307$lBLL01$h1825
=CAT  \\$aW1711-1005$c20171206$lBLL01$h1821
=CAT  \\$aBATCH-UPD$b00$c20180219$lBLL01$h1753
=CAT  \\$aBATCH-UPD$b00$c20181121$lBLL01$h1625
=CAT  \\$aIPL-CLA$c20181231$lBLL01$h1548
=CAT  \\$a5410$b40$c20191007$lBLL01$h1158
=CAT  \\$aR1911-0245$c20191127$lBLL01$h0823
=CAT  \\$aR1911-0245$c20191127$lBLL01$h1045
=CAT  \\$aIPL-CLA$c20191231$lBLL01$h2008
=CAT  \\$a5410$b40$c20221026$lBLL01$h1204
=CAT  \\$a12654$b40$c20231016$lBLL01$h1056
=CAT  \\$a12654$b40$c20231016$lBLL01$h1056
=CFI  0\$aCurrent Copyright Fee: GBP32.00$c35\0$e01-jan-2020$fGBP32.00$g0$hP$5Uk
=CFI  1\$aPending Copyright Fee: GBP39.00$c35\0$e01-jan-2024$fGBP39.00$g0$hP$5Uk
=CFI  2\$aPrevious copyright fee: GBP28.00$c35\0$e01-jan-2019$fGBP28.00$g0$hP$5Uk
=EST  \\$a1
=FFP  \\$aY$bBLDSS-3PM
=FIN  \\$aY$d20130521
=LKR  \\$aPAR$b010460909$lBLL01$r776$mAnthropology and humanism (Online)$nAnthropology and humanism
=MNI  \\$a1559-9167
=TCO  \\$aZZZ$c008
=TOC  \\$aETOC
=UNO  \\$aY
=ACF  \\$aPrevious copyright fee: GBP16.00$c10\0$e11-nov-2008$fGBP16.00$g0$hP$5Uk
=ACF  \\$aPrevious copyright fee: GBP17.00$c10\0$e01-jan-2009$fGBP17.00$g0$hP$5Uk
=ACF  \\$aPrevious copyright fee: GBP22.00$c10\0$e01-jan-2011$fGBP22.00$g0$hP$5Uk
=ACF  \\$aPrevious copyright fee: GBP24.00$c10\0$e01-mar-2015$fGBP24.00$g0$hP$5Uk
=ACF  \\$aPrevious copyright fee: GBP24.00$c35\0$e07-mar-2017$fGBP24.00$g0$hP$5Uk
=LAS  \\$a12654$b40$c20231016$lBLL01$h1056

