=LDR  04797cas a2201057 i 4500
=001  014870448
=003  Uk
=005  20221231144942.0
=006  m\\\\\\\\d\\\\\\\\
=007  cr\|||||||||||
=008  090107c20099999enktr\p\s\\\\\0\\\a0eng\\
=FMT  \\$a  SE
=015  \\$aGBB605125$2bnb
=022  0\$a1940-8374
=037  \\$aISSN_19378629$bPortico$nTaylor & Francis
=040  \\$aUk$beng$cUk$erda
=042  \\$aukblsr
=082  04$a620.005$223
=222  \0$aEngineering studies$b(Online)
=245  00$aEngineering studies :$bjournal of the International Network for Engineering Studies.
=264  \1$aAbingdon :$bRoutledge, Taylor & Francis Group,$c[2009]-
=310  \\$aThree times a year
=336  \\$atext$2rdacontent
=337  \\$acomputer$2rdamedia
=338  \\$aonline resource$2rdacarrier
=362  1\$aPrint began in 2009.
=588  \\$aDescription based on print version record.
=588  \\$aLatest issue consulted: volume 7, issue 2-3 (2015) (Taylor & Francis Online, viewed January 8, 2016).
=538  \\$aMode of access: World Wide Web.
=540  \\$aCurrent copyright fee: GBP43.00$c2\0$5Uk
=650  \0$aEngineering$xStudy and teaching$vPeriodicals.
=650  \0$aEngineering$xManagement$vPeriodicals.
=710  2\$aInternational Network for Engineering Studies.
=776  08$iAlso issued in print as:$tEngineering studies$x1937-8629
=856  \\$31850-9999$uhttp://www.tandfonline.com/$xBLDSS
=859  \\$aELD$bejournal
=852  41$aBritish Library$bHMNTS$jELD Digital store$3Volume 8:Issue 1(2016)-***Previous issues available in print copy
=852  41$aBritish Library$bDSC$j3770.032125$3Volume 1:Issue 1(2009)***See ESTAR for full holdings.
=945  \\$aEngineering studies
=959  \\$fHeld but not currently received
=CAT  \\$a8464$b40$c20090107$lBLL01$h0930
=CAT  \\$aIPL-CLA$c20140101$lBLL01$h0104
=CAT  \\$aBATCH-UPD$b00$c20141124$lBLL01$h1755
=CAT  \\$aBLDSS-3PM$b00$c20141130$lBLL01$h1250
=CAT  \\$aIPL-CLA$c20141231$lBLL01$h1659
=CAT  \\$aBATCH-UPD$b00$c20151119$lBLL01$h1535
=CAT  \\$aIPL-CLA$c20151231$lBLL01$h1930
=CAT  \\$a11296$b40$c20160107$lBLL01$h1436
=CAT  \\$a11205$b40$c20160108$lBLL01$h1108
=CAT  \\$a8464$b40$c20160204$lBLL01$h1123
=CAT  \\$a5552$b40$c20160301$lBLL01$h1537
=CAT  \\$aIPL-CLA$c20160331$lBLL01$h1753
=CAT  \\$aBATCH-UPD$b00$c20160620$lBLL01$h0219
=CAT  \\$aBATCH-UPD$b00$c20161122$lBLL01$h1506
=CAT  \\$aIPL-CLA$c20161230$lBLL01$h2316
=CAT  \\$aBATCH-UPD$b00$c20171121$lBLL01$h1656
=CAT  \\$aW1711-1005$c20171206$lBLL01$h1821
=CAT  \\$aIPL-CLA$c20171231$lBLL01$h1740
=CAT  \\$aBATCH-UPD$b00$c20181217$lBLL01$h1645
=CAT  \\$aIPL-CLA$c20181231$lBLL01$h1548
=CAT  \\$aBATCH-UPD$b00$c20191122$lBLL01$h1907
=CAT  \\$aIPL-CLA$c20191231$lBLL01$h2009
=CAT  \\$aBATCH-UPD$b00$c20201118$lBLL01$h1341
=CAT  \\$aIPL-CLA$c20201231$lBLL01$h1531
=CAT  \\$aBATCH-UPD$b00$c20221121$lBLL01$h1340
=CAT  \\$aIPL-CLA$c20221231$lBLL01$h1449
=CFI  0\$aCurrent copyright fee: GBP43.00$c2\0$e01-jan-2023$fGBP43.00$g0$hP$5Uk
=CFI  2\$aPrevious copyright fee: GBP41.00$c2\0$e01-jan-2021$fGBP41.00$g0$hP$5Uk
=EST  \\$a1
=FFP  \\$aY$bBLDSS-3PM
=FIN  \\$aY$d20160108
=LET  \0$aEngineering studies (Electronic)
=LKR  \\$aPAR$b015725529$lBLL01$nEngineering studies (Print)$mEngineering studies (Online)$r776
=MNI  \\$a1937-8629
=TCO  \\$aZZZ$c008
=TOC  \\$aETOC
=ACF  \\$aPrevious copyright fee: GBP21.00$c2\0$e01-jan-2011$fGBP21.00$g0$hP$5Uk
=ACF  \\$aPrevious copyright fee: GBP17.00$c2\0$e01-jan-2010$fGBP17.00$g0$hP$5Uk
=ACF  \\$aPrevious copyright fee: GBP16.00$c2\0$e07-jan-2009$fGBP16.00$g0$hP$5Uk
=ACF  \\$aPrevious copyright fee: GBP23.00$c2\0$e01-jan-2012$fGBP23.00$g0$hP$5Uk
=ACF  \\$aPrevious copyright fee: GBP27.00$c2\0$e08-nov-2012$fGBP27.00$g0$hP$5Uk
=ACF  \\$aPrevious copyright fee: GBP27.50$c2\0$e01-jan-2013$fGBP27.50$g0$hP$5Uk
=ACF  \\$aPrevious copyright fee: GBP28.00$c2\0$e01-jan-2014$fGBP28.00$g0$hP$5Uk
=ACF  \\$aPrevious copyright fee: GBP30.00$c2\0$e01-jan-2015$fGBP30.00$g0$hP$5Uk
=ACF  \\$aPrevious copyright fee: GBP34.00$c2\0$e01-jan-2016$fGBP34.00$g0$hP$5Uk
=ACF  \\$aPrevious Copyright Fee: GBP31.00$c2\0$e01-apr-2016$fGBP31.00$g0$hP$5Uk
=ACF  \\$aPrevious copyright fee: GBP33.00$c2\0$e01-jan-2017$fGBP33.00$g0$hP$5Uk
=ACF  \\$aPrevious copyright fee: GBP35.00$c2\0$e01-jan-2018$fGBP35.00$g0$hP$5Uk
=ACF  \\$aPrevious copyright fee: GBP37.00$c2\0$e01-jan-2019$fGBP37.00$g0$hP$5Uk
=ACF  \\$aPrevious copyright fee: GBP39.00$c2\0$e01-jan-2020$fGBP39.00$g0$hP$5Uk
=LAS  \\$aIPL-CLA$b00$c20221231$lBLL01$h1449

