=LDR  03726cas a2200913 a 4500
=001  014907767
=003  Uk
=005  20210204084652.0
=006  m\\\\\\\\d\\\\\\\\
=007  cr\|||||||||||
=008  090217c20079999enkqr\p\o\\\\\0\\\a0eng\\
=FMT  \\$a  SE
=015  \\$aGBA993242$2bnb
=022  \\$a1932-863X
=037  \\$aISSN_19328621$bPortico$nWiley
=040  \\$aUk$beng$cUk
=042  \\$aukblsr
=082  04$a616.8581005$222
=130  0\$aPersonality and mental health (Online)
=222  \0$aPersonality and mental health$b(Online)
=245  10$aPersonality and mental health$h[electronic resource].
=260  \\$a[Chichester] :$bJohn Wiley & Sons,$c2007-
=310  \\$aQuarterly
=336  \\$atext$2rdacontent
=337  \\$acomputer$2rdamedia
=338  \\$aonline resource$2rdacarrier
=362  0\$aVol. 1, no. 1 (June 2007)-
=530  \\$aAlso available in print.
=538  \\$aMode of access: World Wide Web.
=550  \\$aSponsored by: Personality Disorder Institute.
=500  \\$aLatest issue consulted: Vol. 3,issue 3 (Aug. 2009) (Wiley InterScience, viewed on Sept. 23, 2009).
=540  \\$aCurrent Copyright Fee: GBP32.00$c35\0$5Uk
=650  \0$aPersonality disorders$vPeriodicals.
=710  2\$aPersonality Disorder Institute.
=776  1\$tPersonality and mental health$x1932-8621
=859  \\$aELD$bejournal
=856  \\$31850-9999$uhttp://onlinelibrary.wiley.com/$xBLDSS
=852  41$aBritish Library$bDSC$j6428.010700$3Volume 1:Issue 1(2007)-Volume 14:Issue 4(2020)***See ESTAR for full holdings.
=852  41$aBritish Library$bHMNTS$jELD Digital store$3Volume 7:Number 1(2013:Feb.)-***Previous issues available in print copy
=945  \\$aPersonality and mental health
=959  \\$fHeld but not currently received
=CAT  \\$a11033$b40$c20090217$lBLL01$h0902
=CAT  \\$a5997$b40$c20090923$lBLL01$h1122
=CAT  \\$aBATCH-UPD$b40$c20101116$lBLL01$h1335
=CAT  \\$aIPL-CLA$c20101231$lBLL01$h1527
=CAT  \\$aCDS12-UPD$b40$c20120402$lBLL01$h1451
=CAT  \\$a8456$b40$c20130522$lBLL01$h0904
=CAT  \\$a8456$b40$c20130522$lBLL01$h0926
=CAT  \\$aWR13.114$c20130717$lBLL01$h1314
=CAT  \\$aBATCH-PORT$c20130829$lBLL01$h1114
=CAT  \\$aWR14_009$c20140204$lBLL01$h2343
=CAT  \\$aWR14_140$c20140905$lBLL01$h1821
=CAT  \\$aBLDSS-3PM$b00$c20141214$lBLL01$h1525
=CAT  \\$aBATCH-UPD$b00$c20150215$lBLL01$h1702
=CAT  \\$aIPL-CLA$c20150228$lBLL01$h2055
=CAT  \\$a8335$b40$c20150911$lBLL01$h1551
=CAT  \\$aBATCH-UPD$b40$c20160615$lBLL01$h0144
=CAT  \\$aW1711-1005$c20171206$lBLL01$h1821
=CAT  \\$aBATCH-UPD$b00$c20180219$lBLL01$h1753
=CAT  \\$aBATCH-UPD$b00$c20181121$lBLL01$h1625
=CAT  \\$aIPL-CLA$c20181231$lBLL01$h1548
=CAT  \\$aR1911-0245$c20191127$lBLL01$h0823
=CAT  \\$aR1911-0245$c20191127$lBLL01$h1045
=CAT  \\$aIPL-CLA$c20191231$lBLL01$h2009
=CAT  \\$a12654$b40$c20210204$lBLL01$h0846
=CFI  0\$aCurrent Copyright Fee: GBP32.00$c35\0$e01-jan-2020$fGBP32.00$g0$hP$5Uk
=CFI  2\$aPrevious copyright fee: GBP28.00$c35\0$e01-jan-2019$fGBP28.00$g0$hP$5Uk
=EST  \\$a1
=FFP  \\$aY$bBLDSS-3PM
=FIN  \\$aY$d20090923
=LKR  \\$aPAR$b014484850$lBLL01$r776$mPersonality and mental health (Online)$nPersonality and mental health
=MNI  \\$a1932-8621
=TCO  \\$aCLA$bCLA$c008
=TOC  \\$aETOC
=UNO  \\$aY
=ACF  \\$aPrevious copyright fee: GBP17.00$c35\0$e17-feb-2009$fGBP17.00$g0$hP$5Uk
=ACF  \\$aPrevious copyright fee: GBP22.00$c35\0$e01-jan-2011$fGBP22.00$g0$hP$5Uk
=ACF  \\$aPrevious copyright fee: GBP24.00$c35\0$e01-mar-2015$fGBP24.00$g0$hP$5Uk
=LAS  \\$a12654$b40$c20210204$lBLL01$h0846

